%YAML 1.1
%TAG !u! tag:unity3d.com,2011:
--- !u!1 &4408213476041654819
GameObject:
  m_ObjectHideFlags: 0
  m_CorrespondingSourceObject: {fileID: 0}
  m_PrefabInstance: {fileID: 0}
  m_PrefabAsset: {fileID: 0}
  serializedVersion: 6
  m_Component:
  - component: {fileID: 6121836280704598699}
  m_Layer: 9
  m_Name: Graphics And Collider Parent
  m_TagString: Untagged
  m_Icon: {fileID: 0}
  m_NavMeshLayer: 0
  m_StaticEditorFlags: 0
  m_IsActive: 1
--- !u!4 &6121836280704598699
Transform:
  m_ObjectHideFlags: 0
  m_CorrespondingSourceObject: {fileID: 0}
  m_PrefabInstance: {fileID: 0}
  m_PrefabAsset: {fileID: 0}
  m_GameObject: {fileID: 4408213476041654819}
  serializedVersion: 2
  m_LocalRotation: {x: 0, y: 0, z: 0, w: 1}
  m_LocalPosition: {x: -0.005, y: 0, z: 0}
  m_LocalScale: {x: 0.7, y: 0.7, z: 0.7}
  m_ConstrainProportionsScale: 0
  m_Children:
  - {fileID: 1997142867207130864}
  - {fileID: 3806769199522854732}
  m_Father: {fileID: 9057443499569562568}
  m_LocalEulerAnglesHint: {x: 0, y: 0, z: 0}
--- !u!1001 &2035063696197904667
PrefabInstance:
  m_ObjectHideFlags: 0
  serializedVersion: 2
  m_Modification:
    serializedVersion: 3
    m_TransformParent: {fileID: 6121836280704598699}
    m_Modifications:
    - target: {fileID: -8679921383154817045, guid: eeb5afd7b47efc74694a5b6cfdb11c2d, type: 3}
      propertyPath: m_LocalPosition.x
      value: 0
      objectReference: {fileID: 0}
    - target: {fileID: -8679921383154817045, guid: eeb5afd7b47efc74694a5b6cfdb11c2d, type: 3}
      propertyPath: m_LocalPosition.y
      value: 0
      objectReference: {fileID: 0}
    - target: {fileID: -8679921383154817045, guid: eeb5afd7b47efc74694a5b6cfdb11c2d, type: 3}
      propertyPath: m_LocalPosition.z
      value: 0
      objectReference: {fileID: 0}
    - target: {fileID: -8679921383154817045, guid: eeb5afd7b47efc74694a5b6cfdb11c2d, type: 3}
      propertyPath: m_LocalRotation.w
      value: 0.7039319
      objectReference: {fileID: 0}
    - target: {fileID: -8679921383154817045, guid: eeb5afd7b47efc74694a5b6cfdb11c2d, type: 3}
      propertyPath: m_LocalRotation.x
      value: -0.703932
      objectReference: {fileID: 0}
    - target: {fileID: -8679921383154817045, guid: eeb5afd7b47efc74694a5b6cfdb11c2d, type: 3}
      propertyPath: m_LocalRotation.y
      value: -0.06693183
      objectReference: {fileID: 0}
    - target: {fileID: -8679921383154817045, guid: eeb5afd7b47efc74694a5b6cfdb11c2d, type: 3}
      propertyPath: m_LocalRotation.z
      value: -0.06693183
      objectReference: {fileID: 0}
    - target: {fileID: -8679921383154817045, guid: eeb5afd7b47efc74694a5b6cfdb11c2d, type: 3}
      propertyPath: m_LocalEulerAnglesHint.x
      value: 0
      objectReference: {fileID: 0}
    - target: {fileID: -8679921383154817045, guid: eeb5afd7b47efc74694a5b6cfdb11c2d, type: 3}
      propertyPath: m_LocalEulerAnglesHint.y
      value: 0
      objectReference: {fileID: 0}
    - target: {fileID: -8679921383154817045, guid: eeb5afd7b47efc74694a5b6cfdb11c2d, type: 3}
      propertyPath: m_LocalEulerAnglesHint.z
      value: 0
      objectReference: {fileID: 0}
    - target: {fileID: -7511558181221131132, guid: eeb5afd7b47efc74694a5b6cfdb11c2d, type: 3}
      propertyPath: m_CastShadows
      value: 0
      objectReference: {fileID: 0}
    - target: {fileID: -7511558181221131132, guid: eeb5afd7b47efc74694a5b6cfdb11c2d, type: 3}
      propertyPath: m_LightProbeUsage
      value: 0
      objectReference: {fileID: 0}
    - target: {fileID: -7511558181221131132, guid: eeb5afd7b47efc74694a5b6cfdb11c2d, type: 3}
      propertyPath: 'm_Materials.Array.data[0]'
      value: 
      objectReference: {fileID: 2100000, guid: 3db03c42b1649b74c87450deb653af85, type: 2}
    - target: {fileID: 919132149155446097, guid: eeb5afd7b47efc74694a5b6cfdb11c2d, type: 3}
      propertyPath: m_Name
      value: Ingrin
      objectReference: {fileID: 0}
    - target: {fileID: 919132149155446097, guid: eeb5afd7b47efc74694a5b6cfdb11c2d, type: 3}
      propertyPath: m_Layer
      value: 9
      objectReference: {fileID: 0}
    m_RemovedComponents: []
    m_RemovedGameObjects: []
    m_AddedGameObjects: []
    m_AddedComponents: []
  m_SourcePrefab: {fileID: 100100000, guid: eeb5afd7b47efc74694a5b6cfdb11c2d, type: 3}
--- !u!4 &1997142867207130864 stripped
Transform:
  m_CorrespondingSourceObject: {fileID: -8679921383154817045, guid: eeb5afd7b47efc74694a5b6cfdb11c2d, type: 3}
  m_PrefabInstance: {fileID: 2035063696197904667}
  m_PrefabAsset: {fileID: 0}
--- !u!1001 &3701647833003741351
PrefabInstance:
  m_ObjectHideFlags: 0
  serializedVersion: 2
  m_Modification:
    serializedVersion: 3
    m_TransformParent: {fileID: 6121836280704598699}
    m_Modifications:
    - target: {fileID: -8679921383154817045, guid: eeb5afd7b47efc74694a5b6cfdb11c2d, type: 3}
      propertyPath: m_LocalScale.x
      value: 15
      objectReference: {fileID: 0}
    - target: {fileID: -8679921383154817045, guid: eeb5afd7b47efc74694a5b6cfdb11c2d, type: 3}
      propertyPath: m_LocalScale.y
      value: 15
      objectReference: {fileID: 0}
    - target: {fileID: -8679921383154817045, guid: eeb5afd7b47efc74694a5b6cfdb11c2d, type: 3}
      propertyPath: m_LocalScale.z
      value: 21.01305
      objectReference: {fileID: 0}
    - target: {fileID: -8679921383154817045, guid: eeb5afd7b47efc74694a5b6cfdb11c2d, type: 3}
      propertyPath: m_LocalPosition.x
      value: 0
      objectReference: {fileID: 0}
    - target: {fileID: -8679921383154817045, guid: eeb5afd7b47efc74694a5b6cfdb11c2d, type: 3}
      propertyPath: m_LocalPosition.y
      value: 0
      objectReference: {fileID: 0}
    - target: {fileID: -8679921383154817045, guid: eeb5afd7b47efc74694a5b6cfdb11c2d, type: 3}
      propertyPath: m_LocalPosition.z
      value: 0
      objectReference: {fileID: 0}
    - target: {fileID: -8679921383154817045, guid: eeb5afd7b47efc74694a5b6cfdb11c2d, type: 3}
      propertyPath: m_LocalRotation.w
      value: 0.7039319
      objectReference: {fileID: 0}
    - target: {fileID: -8679921383154817045, guid: eeb5afd7b47efc74694a5b6cfdb11c2d, type: 3}
      propertyPath: m_LocalRotation.x
      value: -0.703932
      objectReference: {fileID: 0}
    - target: {fileID: -8679921383154817045, guid: eeb5afd7b47efc74694a5b6cfdb11c2d, type: 3}
      propertyPath: m_LocalRotation.y
      value: -0.06693183
      objectReference: {fileID: 0}
    - target: {fileID: -8679921383154817045, guid: eeb5afd7b47efc74694a5b6cfdb11c2d, type: 3}
      propertyPath: m_LocalRotation.z
      value: -0.06693183
      objectReference: {fileID: 0}
    - target: {fileID: -8679921383154817045, guid: eeb5afd7b47efc74694a5b6cfdb11c2d, type: 3}
      propertyPath: m_LocalEulerAnglesHint.x
      value: 0
      objectReference: {fileID: 0}
    - target: {fileID: -8679921383154817045, guid: eeb5afd7b47efc74694a5b6cfdb11c2d, type: 3}
      propertyPath: m_LocalEulerAnglesHint.y
      value: 0
      objectReference: {fileID: 0}
    - target: {fileID: -8679921383154817045, guid: eeb5afd7b47efc74694a5b6cfdb11c2d, type: 3}
      propertyPath: m_LocalEulerAnglesHint.z
      value: 0
      objectReference: {fileID: 0}
    - target: {fileID: -7511558181221131132, guid: eeb5afd7b47efc74694a5b6cfdb11c2d, type: 3}
      propertyPath: m_CastShadows
      value: 0
      objectReference: {fileID: 0}
    - target: {fileID: -7511558181221131132, guid: eeb5afd7b47efc74694a5b6cfdb11c2d, type: 3}
      propertyPath: m_LightProbeUsage
      value: 0
      objectReference: {fileID: 0}
    - target: {fileID: -7511558181221131132, guid: eeb5afd7b47efc74694a5b6cfdb11c2d, type: 3}
      propertyPath: 'm_Materials.Array.data[0]'
      value: 
      objectReference: {fileID: 2100000, guid: 3db03c42b1649b74c87450deb653af85, type: 2}
    - target: {fileID: 919132149155446097, guid: eeb5afd7b47efc74694a5b6cfdb11c2d, type: 3}
      propertyPath: m_Name
      value: Pickup Collider
      objectReference: {fileID: 0}
    - target: {fileID: 919132149155446097, guid: eeb5afd7b47efc74694a5b6cfdb11c2d, type: 3}
      propertyPath: m_Layer
      value: 13
      objectReference: {fileID: 0}
    m_RemovedComponents:
    - {fileID: -7511558181221131132, guid: eeb5afd7b47efc74694a5b6cfdb11c2d, type: 3}
    - {fileID: -5754084199372789682, guid: eeb5afd7b47efc74694a5b6cfdb11c2d, type: 3}
    m_RemovedGameObjects: []
    m_AddedGameObjects: []
    m_AddedComponents:
    - targetCorrespondingSourceObject: {fileID: 919132149155446097, guid: eeb5afd7b47efc74694a5b6cfdb11c2d, type: 3}
      insertIndex: -1
      addedObject: {fileID: 2975499934332258593}
  m_SourcePrefab: {fileID: 100100000, guid: eeb5afd7b47efc74694a5b6cfdb11c2d, type: 3}
--- !u!4 &3806769199522854732 stripped
Transform:
  m_CorrespondingSourceObject: {fileID: -8679921383154817045, guid: eeb5afd7b47efc74694a5b6cfdb11c2d, type: 3}
  m_PrefabInstance: {fileID: 3701647833003741351}
  m_PrefabAsset: {fileID: 0}
--- !u!1 &4584537729559522806 stripped
GameObject:
  m_CorrespondingSourceObject: {fileID: 919132149155446097, guid: eeb5afd7b47efc74694a5b6cfdb11c2d, type: 3}
  m_PrefabInstance: {fileID: 3701647833003741351}
  m_PrefabAsset: {fileID: 0}
--- !u!64 &2975499934332258593
MeshCollider:
  m_ObjectHideFlags: 0
  m_CorrespondingSourceObject: {fileID: 0}
  m_PrefabInstance: {fileID: 0}
  m_PrefabAsset: {fileID: 0}
  m_GameObject: {fileID: 4584537729559522806}
  m_Material: {fileID: 0}
  m_IncludeLayers:
    serializedVersion: 2
    m_Bits: 0
  m_ExcludeLayers:
    serializedVersion: 2
    m_Bits: 0
  m_LayerOverridePriority: 0
  m_IsTrigger: 1
  m_ProvidesContacts: 0
  m_Enabled: 1
  serializedVersion: 5
  m_Convex: 1
  m_CookingOptions: 30
  m_Mesh: {fileID: 8571701753013279016, guid: eeb5afd7b47efc74694a5b6cfdb11c2d, type: 3}
--- !u!1001 &5417649103811162984
PrefabInstance:
  m_ObjectHideFlags: 0
  serializedVersion: 2
  m_Modification:
    serializedVersion: 3
    m_TransformParent: {fileID: 0}
    m_Modifications:
    - target: {fileID: 3935543508452208800, guid: 850fd3f366bb75a43b29250b7ff3dea8, type: 3}
      propertyPath: m_LocalPosition.x
      value: 0
      objectReference: {fileID: 0}
    - target: {fileID: 3935543508452208800, guid: 850fd3f366bb75a43b29250b7ff3dea8, type: 3}
      propertyPath: m_LocalPosition.y
      value: 0
      objectReference: {fileID: 0}
    - target: {fileID: 3935543508452208800, guid: 850fd3f366bb75a43b29250b7ff3dea8, type: 3}
      propertyPath: m_LocalPosition.z
      value: 0
      objectReference: {fileID: 0}
    - target: {fileID: 3935543508452208800, guid: 850fd3f366bb75a43b29250b7ff3dea8, type: 3}
      propertyPath: m_LocalRotation.w
      value: 0.7071068
      objectReference: {fileID: 0}
    - target: {fileID: 3935543508452208800, guid: 850fd3f366bb75a43b29250b7ff3dea8, type: 3}
      propertyPath: m_LocalRotation.x
      value: 0.7071068
      objectReference: {fileID: 0}
    - target: {fileID: 3935543508452208800, guid: 850fd3f366bb75a43b29250b7ff3dea8, type: 3}
      propertyPath: m_LocalRotation.y
      value: 0
      objectReference: {fileID: 0}
    - target: {fileID: 3935543508452208800, guid: 850fd3f366bb75a43b29250b7ff3dea8, type: 3}
      propertyPath: m_LocalRotation.z
      value: 0
      objectReference: {fileID: 0}
    - target: {fileID: 3935543508452208800, guid: 850fd3f366bb75a43b29250b7ff3dea8, type: 3}
      propertyPath: m_LocalEulerAnglesHint.x
      value: 90
      objectReference: {fileID: 0}
    - target: {fileID: 3935543508452208800, guid: 850fd3f366bb75a43b29250b7ff3dea8, type: 3}
      propertyPath: m_LocalEulerAnglesHint.y
      value: 0
      objectReference: {fileID: 0}
    - target: {fileID: 3935543508452208800, guid: 850fd3f366bb75a43b29250b7ff3dea8, type: 3}
      propertyPath: m_LocalEulerAnglesHint.z
      value: 0
      objectReference: {fileID: 0}
    - target: {fileID: 3935543508452208802, guid: 850fd3f366bb75a43b29250b7ff3dea8, type: 3}
      propertyPath: m_Name
      value: Damage Booster
      objectReference: {fileID: 0}
    - target: {fileID: 3935543508452208802, guid: 850fd3f366bb75a43b29250b7ff3dea8, type: 3}
      propertyPath: m_Layer
      value: 9
      objectReference: {fileID: 0}
    - target: {fileID: 8397315049167831350, guid: 850fd3f366bb75a43b29250b7ff3dea8, type: 3}
      propertyPath: m_LocalPosition.x
      value: 0
      objectReference: {fileID: 0}
    - target: {fileID: 8397315049167831350, guid: 850fd3f366bb75a43b29250b7ff3dea8, type: 3}
      propertyPath: m_LocalPosition.y
      value: 0
      objectReference: {fileID: 0}
    - target: {fileID: 8397315049167831350, guid: 850fd3f366bb75a43b29250b7ff3dea8, type: 3}
      propertyPath: m_LocalPosition.z
      value: 0.18443
      objectReference: {fileID: 0}
    m_RemovedComponents:
    - {fileID: 3935543508452208803, guid: 850fd3f366bb75a43b29250b7ff3dea8, type: 3}
    m_RemovedGameObjects: []
    m_AddedGameObjects:
    - targetCorrespondingSourceObject: {fileID: 3935543508452208800, guid: 850fd3f366bb75a43b29250b7ff3dea8, type: 3}
      insertIndex: -1
      addedObject: {fileID: 6121836280704598699}
    m_AddedComponents:
    - targetCorrespondingSourceObject: {fileID: 3935543508452208802, guid: 850fd3f366bb75a43b29250b7ff3dea8, type: 3}
      insertIndex: -1
      addedObject: {fileID: 6575499769654642034}
  m_SourcePrefab: {fileID: 100100000, guid: 850fd3f366bb75a43b29250b7ff3dea8, type: 3}
--- !u!4 &4586382597412647518 stripped
Transform:
  m_CorrespondingSourceObject: {fileID: 8397315049167831350, guid: 850fd3f366bb75a43b29250b7ff3dea8, type: 3}
  m_PrefabInstance: {fileID: 5417649103811162984}
  m_PrefabAsset: {fileID: 0}
--- !u!114 &8516434207809467996 stripped
MonoBehaviour:
  m_CorrespondingSourceObject: {fileID: 4404283962505512244, guid: 850fd3f366bb75a43b29250b7ff3dea8, type: 3}
  m_PrefabInstance: {fileID: 5417649103811162984}
  m_PrefabAsset: {fileID: 0}
  m_GameObject: {fileID: 0}
  m_Enabled: 1
  m_EditorHideFlags: 0
  m_Script: {fileID: 11500000, guid: 3e3b52f9bd609d34b83ea37f1cea3f67, type: 3}
  m_Name: 
  m_EditorClassIdentifier: 
--- !u!4 &9057443499569562568 stripped
Transform:
  m_CorrespondingSourceObject: {fileID: 3935543508452208800, guid: 850fd3f366bb75a43b29250b7ff3dea8, type: 3}
  m_PrefabInstance: {fileID: 5417649103811162984}
  m_PrefabAsset: {fileID: 0}
--- !u!1 &9057443499569562570 stripped
GameObject:
  m_CorrespondingSourceObject: {fileID: 3935543508452208802, guid: 850fd3f366bb75a43b29250b7ff3dea8, type: 3}
  m_PrefabInstance: {fileID: 5417649103811162984}
  m_PrefabAsset: {fileID: 0}
--- !u!114 &6575499769654642034
MonoBehaviour:
  m_ObjectHideFlags: 0
  m_CorrespondingSourceObject: {fileID: 0}
  m_PrefabInstance: {fileID: 0}
  m_PrefabAsset: {fileID: 0}
  m_GameObject: {fileID: 9057443499569562570}
  m_Enabled: 1
  m_EditorHideFlags: 0
  m_Script: {fileID: 11500000, guid: f1b1eb4a36d50b84b91de93aa1f1f6b6, type: 3}
  m_Name: 
  m_EditorClassIdentifier: 
  trs: {fileID: 9057443499569562568}
  cost: 50
  pickupText: {fileID: 8516434207809467996}
  pickupCollider: {fileID: 2975499934332258593}
  bottomTrs: {fileID: 4586382597412647518}
  isInShop: 0
  amount: 0.3
