%YAML 1.1
%TAG !u! tag:unity3d.com,2011:
--- !u!1 &2577700316645098338
GameObject:
  m_ObjectHideFlags: 0
  m_CorrespondingSourceObject: {fileID: 0}
  m_PrefabInstance: {fileID: 0}
  m_PrefabAsset: {fileID: 0}
  serializedVersion: 6
  m_Component:
  - component: {fileID: 2577700316645098339}
  - component: {fileID: 1197076309916334290}
  m_Layer: 0
  m_Name: Game Manager
  m_TagString: Untagged
  m_Icon: {fileID: 0}
  m_NavMeshLayer: 0
  m_StaticEditorFlags: 0
  m_IsActive: 1
--- !u!4 &2577700316645098339
Transform:
  m_ObjectHideFlags: 0
  m_CorrespondingSourceObject: {fileID: 0}
  m_PrefabInstance: {fileID: 0}
  m_PrefabAsset: {fileID: 0}
  m_GameObject: {fileID: 2577700316645098338}
  serializedVersion: 2
  m_LocalRotation: {x: 0, y: 0, z: 0, w: 1}
  m_LocalPosition: {x: 0, y: 0, z: 0}
  m_LocalScale: {x: 1, y: 1, z: 1}
  m_ConstrainProportionsScale: 0
  m_Children:
  - {fileID: 3326146509362492943}
  - {fileID: 1282766839594662095}
  - {fileID: 1843551640408696911}
  - {fileID: 8389691665094401678}
  - {fileID: 2577700316515648474}
  - {fileID: 3899822388487586319}
  - {fileID: 489134335705044167}
  m_Father: {fileID: 0}
  m_LocalEulerAnglesHint: {x: 0, y: 0, z: 0}
--- !u!114 &1197076309916334290
MonoBehaviour:
  m_ObjectHideFlags: 0
  m_CorrespondingSourceObject: {fileID: 0}
  m_PrefabInstance: {fileID: 0}
  m_PrefabAsset: {fileID: 0}
  m_GameObject: {fileID: 2577700316645098338}
  m_Enabled: 1
  m_EditorHideFlags: 0
  m_Script: {fileID: 11500000, guid: 64ee96cfd35d97944bfe33b4d39732ad, type: 3}
  m_Name: 
  m_EditorClassIdentifier: 
  handleMultipleInstances: 0
  persistant: 0
  assetsData: []
  temporaryActiveTextNotification:
    go: {fileID: 0}
    duration: 0
    realtime: 0
    text: {fileID: 0}
    durationPerCharacter: 0.09
  menusDict:
    keys: 0000000001000000
    values:
    - {fileID: 0}
    - {fileID: 0}
  switchMenuRate: 1
  firstLevel: {fileID: 0}
  acidMeterTrs: {fileID: 0}
  divideDifficulty: 1
  buttonPrefab: {fileID: 5704246349637386710, guid: 005bdb2353431c14689f6d09ca566f0c, type: 3}
  openLeaderboardButton: {fileID: 0}
--- !u!1001 &3605300153075612588
PrefabInstance:
  m_ObjectHideFlags: 0
  serializedVersion: 2
  m_Modification:
    serializedVersion: 3
    m_TransformParent: {fileID: 2577700316645098339}
    m_Modifications:
    - target: {fileID: 2577700316645098338, guid: 45597aff9968b2249bf4eac2bb88cb35, type: 3}
      propertyPath: m_Name
      value: Gizmos Manager
      objectReference: {fileID: 0}
    - target: {fileID: 2577700316645098339, guid: 45597aff9968b2249bf4eac2bb88cb35, type: 3}
      propertyPath: m_LocalPosition.x
      value: 0
      objectReference: {fileID: 0}
    - target: {fileID: 2577700316645098339, guid: 45597aff9968b2249bf4eac2bb88cb35, type: 3}
      propertyPath: m_LocalPosition.y
      value: 0
      objectReference: {fileID: 0}
    - target: {fileID: 2577700316645098339, guid: 45597aff9968b2249bf4eac2bb88cb35, type: 3}
      propertyPath: m_LocalPosition.z
      value: 0
      objectReference: {fileID: 0}
    - target: {fileID: 2577700316645098339, guid: 45597aff9968b2249bf4eac2bb88cb35, type: 3}
      propertyPath: m_LocalRotation.w
      value: 1
      objectReference: {fileID: 0}
    - target: {fileID: 2577700316645098339, guid: 45597aff9968b2249bf4eac2bb88cb35, type: 3}
      propertyPath: m_LocalRotation.x
      value: 0
      objectReference: {fileID: 0}
    - target: {fileID: 2577700316645098339, guid: 45597aff9968b2249bf4eac2bb88cb35, type: 3}
      propertyPath: m_LocalRotation.y
      value: 0
      objectReference: {fileID: 0}
    - target: {fileID: 2577700316645098339, guid: 45597aff9968b2249bf4eac2bb88cb35, type: 3}
      propertyPath: m_LocalRotation.z
      value: 0
      objectReference: {fileID: 0}
    - target: {fileID: 2577700316645098339, guid: 45597aff9968b2249bf4eac2bb88cb35, type: 3}
      propertyPath: m_LocalEulerAnglesHint.x
      value: 0
      objectReference: {fileID: 0}
    - target: {fileID: 2577700316645098339, guid: 45597aff9968b2249bf4eac2bb88cb35, type: 3}
      propertyPath: m_LocalEulerAnglesHint.y
      value: 0
      objectReference: {fileID: 0}
    - target: {fileID: 2577700316645098339, guid: 45597aff9968b2249bf4eac2bb88cb35, type: 3}
      propertyPath: m_LocalEulerAnglesHint.z
      value: 0
      objectReference: {fileID: 0}
    m_RemovedComponents: []
    m_RemovedGameObjects: []
    m_AddedGameObjects: []
    m_AddedComponents: []
  m_SourcePrefab: {fileID: 100100000, guid: 45597aff9968b2249bf4eac2bb88cb35, type: 3}
--- !u!4 &1282766839594662095 stripped
Transform:
  m_CorrespondingSourceObject: {fileID: 2577700316645098339, guid: 45597aff9968b2249bf4eac2bb88cb35, type: 3}
  m_PrefabInstance: {fileID: 3605300153075612588}
  m_PrefabAsset: {fileID: 0}
--- !u!1001 &3642140853873503115
PrefabInstance:
  m_ObjectHideFlags: 0
  serializedVersion: 2
  m_Modification:
    serializedVersion: 3
    m_TransformParent: {fileID: 2577700316645098339}
    m_Modifications:
    - target: {fileID: 330319696596986244, guid: 93319cf2030684a46b49362590de9c03, type: 3}
      propertyPath: m_RootOrder
      value: 0
      objectReference: {fileID: 0}
    - target: {fileID: 330319696596986244, guid: 93319cf2030684a46b49362590de9c03, type: 3}
      propertyPath: m_LocalPosition.x
      value: 0
      objectReference: {fileID: 0}
    - target: {fileID: 330319696596986244, guid: 93319cf2030684a46b49362590de9c03, type: 3}
      propertyPath: m_LocalPosition.y
      value: 0
      objectReference: {fileID: 0}
    - target: {fileID: 330319696596986244, guid: 93319cf2030684a46b49362590de9c03, type: 3}
      propertyPath: m_LocalPosition.z
      value: 0
      objectReference: {fileID: 0}
    - target: {fileID: 330319696596986244, guid: 93319cf2030684a46b49362590de9c03, type: 3}
      propertyPath: m_LocalRotation.w
      value: 1
      objectReference: {fileID: 0}
    - target: {fileID: 330319696596986244, guid: 93319cf2030684a46b49362590de9c03, type: 3}
      propertyPath: m_LocalRotation.x
      value: 0
      objectReference: {fileID: 0}
    - target: {fileID: 330319696596986244, guid: 93319cf2030684a46b49362590de9c03, type: 3}
      propertyPath: m_LocalRotation.y
      value: 0
      objectReference: {fileID: 0}
    - target: {fileID: 330319696596986244, guid: 93319cf2030684a46b49362590de9c03, type: 3}
      propertyPath: m_LocalRotation.z
      value: 0
      objectReference: {fileID: 0}
    - target: {fileID: 330319696596986244, guid: 93319cf2030684a46b49362590de9c03, type: 3}
      propertyPath: m_LocalEulerAnglesHint.x
      value: 0
      objectReference: {fileID: 0}
    - target: {fileID: 330319696596986244, guid: 93319cf2030684a46b49362590de9c03, type: 3}
      propertyPath: m_LocalEulerAnglesHint.y
      value: 0
      objectReference: {fileID: 0}
    - target: {fileID: 330319696596986244, guid: 93319cf2030684a46b49362590de9c03, type: 3}
      propertyPath: m_LocalEulerAnglesHint.z
      value: 0
      objectReference: {fileID: 0}
    - target: {fileID: 4072799013648957183, guid: 93319cf2030684a46b49362590de9c03, type: 3}
      propertyPath: m_Name
      value: Event Manager
      objectReference: {fileID: 0}
    m_RemovedComponents: []
    m_RemovedGameObjects: []
    m_AddedGameObjects: []
    m_AddedComponents: []
  m_SourcePrefab: {fileID: 100100000, guid: 93319cf2030684a46b49362590de9c03, type: 3}
--- !u!4 &3899822388487586319 stripped
Transform:
  m_CorrespondingSourceObject: {fileID: 330319696596986244, guid: 93319cf2030684a46b49362590de9c03, type: 3}
  m_PrefabInstance: {fileID: 3642140853873503115}
  m_PrefabAsset: {fileID: 0}
--- !u!1001 &4480811995692177787
PrefabInstance:
  m_ObjectHideFlags: 0
  serializedVersion: 2
  m_Modification:
    serializedVersion: 3
    m_TransformParent: {fileID: 2577700316645098339}
    m_Modifications:
    - target: {fileID: 5350600556438833141, guid: 6081d15c60764454886295bbc9ae4948, type: 3}
      propertyPath: m_RootOrder
      value: 1
      objectReference: {fileID: 0}
    - target: {fileID: 5350600556438833141, guid: 6081d15c60764454886295bbc9ae4948, type: 3}
      propertyPath: m_LocalPosition.x
      value: 0
      objectReference: {fileID: 0}
    - target: {fileID: 5350600556438833141, guid: 6081d15c60764454886295bbc9ae4948, type: 3}
      propertyPath: m_LocalPosition.y
      value: 0
      objectReference: {fileID: 0}
    - target: {fileID: 5350600556438833141, guid: 6081d15c60764454886295bbc9ae4948, type: 3}
      propertyPath: m_LocalPosition.z
      value: 0
      objectReference: {fileID: 0}
    - target: {fileID: 5350600556438833141, guid: 6081d15c60764454886295bbc9ae4948, type: 3}
      propertyPath: m_LocalRotation.w
      value: 1
      objectReference: {fileID: 0}
    - target: {fileID: 5350600556438833141, guid: 6081d15c60764454886295bbc9ae4948, type: 3}
      propertyPath: m_LocalRotation.x
      value: -0
      objectReference: {fileID: 0}
    - target: {fileID: 5350600556438833141, guid: 6081d15c60764454886295bbc9ae4948, type: 3}
      propertyPath: m_LocalRotation.y
      value: -0
      objectReference: {fileID: 0}
    - target: {fileID: 5350600556438833141, guid: 6081d15c60764454886295bbc9ae4948, type: 3}
      propertyPath: m_LocalRotation.z
      value: -0
      objectReference: {fileID: 0}
    - target: {fileID: 5350600556438833141, guid: 6081d15c60764454886295bbc9ae4948, type: 3}
      propertyPath: m_LocalEulerAnglesHint.x
      value: 0
      objectReference: {fileID: 0}
    - target: {fileID: 5350600556438833141, guid: 6081d15c60764454886295bbc9ae4948, type: 3}
      propertyPath: m_LocalEulerAnglesHint.y
      value: 0
      objectReference: {fileID: 0}
    - target: {fileID: 5350600556438833141, guid: 6081d15c60764454886295bbc9ae4948, type: 3}
      propertyPath: m_LocalEulerAnglesHint.z
      value: 0
      objectReference: {fileID: 0}
    - target: {fileID: 7960405862464817397, guid: 6081d15c60764454886295bbc9ae4948, type: 3}
      propertyPath: m_Name
      value: Scene Manager
      objectReference: {fileID: 0}
    m_RemovedComponents: []
    m_RemovedGameObjects: []
    m_AddedGameObjects: []
    m_AddedComponents: []
  m_SourcePrefab: {fileID: 100100000, guid: 6081d15c60764454886295bbc9ae4948, type: 3}
--- !u!4 &8389691665094401678 stripped
Transform:
  m_CorrespondingSourceObject: {fileID: 5350600556438833141, guid: 6081d15c60764454886295bbc9ae4948, type: 3}
  m_PrefabInstance: {fileID: 4480811995692177787}
  m_PrefabAsset: {fileID: 0}
--- !u!1001 &4807860570307486297
PrefabInstance:
  m_ObjectHideFlags: 0
  serializedVersion: 2
  m_Modification:
    serializedVersion: 3
    m_TransformParent: {fileID: 2577700316645098339}
    m_Modifications:
    - target: {fileID: 7024814359945355651, guid: 713490c6a45904548947225b86ec38e9, type: 3}
      propertyPath: m_RootOrder
      value: 0
      objectReference: {fileID: 0}
    - target: {fileID: 7024814359945355651, guid: 713490c6a45904548947225b86ec38e9, type: 3}
      propertyPath: m_LocalPosition.x
      value: 0
      objectReference: {fileID: 0}
    - target: {fileID: 7024814359945355651, guid: 713490c6a45904548947225b86ec38e9, type: 3}
      propertyPath: m_LocalPosition.y
      value: 0
      objectReference: {fileID: 0}
    - target: {fileID: 7024814359945355651, guid: 713490c6a45904548947225b86ec38e9, type: 3}
      propertyPath: m_LocalPosition.z
      value: 0
      objectReference: {fileID: 0}
    - target: {fileID: 7024814359945355651, guid: 713490c6a45904548947225b86ec38e9, type: 3}
      propertyPath: m_LocalRotation.w
      value: 1
      objectReference: {fileID: 0}
    - target: {fileID: 7024814359945355651, guid: 713490c6a45904548947225b86ec38e9, type: 3}
      propertyPath: m_LocalRotation.x
      value: -0
      objectReference: {fileID: 0}
    - target: {fileID: 7024814359945355651, guid: 713490c6a45904548947225b86ec38e9, type: 3}
      propertyPath: m_LocalRotation.y
      value: -0
      objectReference: {fileID: 0}
    - target: {fileID: 7024814359945355651, guid: 713490c6a45904548947225b86ec38e9, type: 3}
      propertyPath: m_LocalRotation.z
      value: -0
      objectReference: {fileID: 0}
    - target: {fileID: 7024814359945355651, guid: 713490c6a45904548947225b86ec38e9, type: 3}
      propertyPath: m_LocalEulerAnglesHint.x
      value: 0
      objectReference: {fileID: 0}
    - target: {fileID: 7024814359945355651, guid: 713490c6a45904548947225b86ec38e9, type: 3}
      propertyPath: m_LocalEulerAnglesHint.y
      value: 0
      objectReference: {fileID: 0}
    - target: {fileID: 7024814359945355651, guid: 713490c6a45904548947225b86ec38e9, type: 3}
      propertyPath: m_LocalEulerAnglesHint.z
      value: 0
      objectReference: {fileID: 0}
    - target: {fileID: 7024814359945355660, guid: 713490c6a45904548947225b86ec38e9, type: 3}
      propertyPath: m_Name
      value: Input Manager
      objectReference: {fileID: 0}
    m_RemovedComponents: []
    m_RemovedGameObjects: []
    m_AddedGameObjects: []
    m_AddedComponents: []
  m_SourcePrefab: {fileID: 100100000, guid: 713490c6a45904548947225b86ec38e9, type: 3}
--- !u!4 &2577700316515648474 stripped
Transform:
  m_CorrespondingSourceObject: {fileID: 7024814359945355651, guid: 713490c6a45904548947225b86ec38e9, type: 3}
  m_PrefabInstance: {fileID: 4807860570307486297}
  m_PrefabAsset: {fileID: 0}
--- !u!1001 &5510957041624127758
PrefabInstance:
  m_ObjectHideFlags: 0
  serializedVersion: 2
  m_Modification:
    serializedVersion: 3
    m_TransformParent: {fileID: 2577700316645098339}
    m_Modifications:
    - target: {fileID: 6792263350658300026, guid: cb81c07489b258b498379f28c3bb1e87, type: 3}
      propertyPath: m_Name
      value: Build Manager
      objectReference: {fileID: 0}
    - target: {fileID: 7084728030949895937, guid: cb81c07489b258b498379f28c3bb1e87, type: 3}
      propertyPath: m_RootOrder
      value: 0
      objectReference: {fileID: 0}
    - target: {fileID: 7084728030949895937, guid: cb81c07489b258b498379f28c3bb1e87, type: 3}
      propertyPath: m_LocalPosition.x
      value: 0
      objectReference: {fileID: 0}
    - target: {fileID: 7084728030949895937, guid: cb81c07489b258b498379f28c3bb1e87, type: 3}
      propertyPath: m_LocalPosition.y
      value: 0
      objectReference: {fileID: 0}
    - target: {fileID: 7084728030949895937, guid: cb81c07489b258b498379f28c3bb1e87, type: 3}
      propertyPath: m_LocalPosition.z
      value: 0
      objectReference: {fileID: 0}
    - target: {fileID: 7084728030949895937, guid: cb81c07489b258b498379f28c3bb1e87, type: 3}
      propertyPath: m_LocalRotation.w
      value: 1
      objectReference: {fileID: 0}
    - target: {fileID: 7084728030949895937, guid: cb81c07489b258b498379f28c3bb1e87, type: 3}
      propertyPath: m_LocalRotation.x
      value: 0
      objectReference: {fileID: 0}
    - target: {fileID: 7084728030949895937, guid: cb81c07489b258b498379f28c3bb1e87, type: 3}
      propertyPath: m_LocalRotation.y
      value: 0
      objectReference: {fileID: 0}
    - target: {fileID: 7084728030949895937, guid: cb81c07489b258b498379f28c3bb1e87, type: 3}
      propertyPath: m_LocalRotation.z
      value: 0
      objectReference: {fileID: 0}
    - target: {fileID: 7084728030949895937, guid: cb81c07489b258b498379f28c3bb1e87, type: 3}
      propertyPath: m_LocalEulerAnglesHint.x
      value: 0
      objectReference: {fileID: 0}
    - target: {fileID: 7084728030949895937, guid: cb81c07489b258b498379f28c3bb1e87, type: 3}
      propertyPath: m_LocalEulerAnglesHint.y
      value: 0
      objectReference: {fileID: 0}
    - target: {fileID: 7084728030949895937, guid: cb81c07489b258b498379f28c3bb1e87, type: 3}
      propertyPath: m_LocalEulerAnglesHint.z
      value: 0
      objectReference: {fileID: 0}
    m_RemovedComponents: []
    m_RemovedGameObjects: []
    m_AddedGameObjects: []
    m_AddedComponents: []
  m_SourcePrefab: {fileID: 100100000, guid: cb81c07489b258b498379f28c3bb1e87, type: 3}
--- !u!4 &3326146509362492943 stripped
Transform:
  m_CorrespondingSourceObject: {fileID: 7084728030949895937, guid: cb81c07489b258b498379f28c3bb1e87, type: 3}
  m_PrefabInstance: {fileID: 5510957041624127758}
  m_PrefabAsset: {fileID: 0}
--- !u!1001 &5514912612622406450
PrefabInstance:
  m_ObjectHideFlags: 0
  serializedVersion: 2
  m_Modification:
    serializedVersion: 3
    m_TransformParent: {fileID: 2577700316645098339}
    m_Modifications:
    - target: {fileID: 5350600556438833141, guid: b6870e7c28dd0ea48a5de787d3124d8b, type: 3}
      propertyPath: m_RootOrder
      value: 5
      objectReference: {fileID: 0}
    - target: {fileID: 5350600556438833141, guid: b6870e7c28dd0ea48a5de787d3124d8b, type: 3}
      propertyPath: m_LocalPosition.x
      value: 0
      objectReference: {fileID: 0}
    - target: {fileID: 5350600556438833141, guid: b6870e7c28dd0ea48a5de787d3124d8b, type: 3}
      propertyPath: m_LocalPosition.y
      value: 0
      objectReference: {fileID: 0}
    - target: {fileID: 5350600556438833141, guid: b6870e7c28dd0ea48a5de787d3124d8b, type: 3}
      propertyPath: m_LocalPosition.z
      value: 0
      objectReference: {fileID: 0}
    - target: {fileID: 5350600556438833141, guid: b6870e7c28dd0ea48a5de787d3124d8b, type: 3}
      propertyPath: m_LocalRotation.w
      value: 1
      objectReference: {fileID: 0}
    - target: {fileID: 5350600556438833141, guid: b6870e7c28dd0ea48a5de787d3124d8b, type: 3}
      propertyPath: m_LocalRotation.x
      value: -0
      objectReference: {fileID: 0}
    - target: {fileID: 5350600556438833141, guid: b6870e7c28dd0ea48a5de787d3124d8b, type: 3}
      propertyPath: m_LocalRotation.y
      value: -0
      objectReference: {fileID: 0}
    - target: {fileID: 5350600556438833141, guid: b6870e7c28dd0ea48a5de787d3124d8b, type: 3}
      propertyPath: m_LocalRotation.z
      value: -0
      objectReference: {fileID: 0}
    - target: {fileID: 5350600556438833141, guid: b6870e7c28dd0ea48a5de787d3124d8b, type: 3}
      propertyPath: m_LocalEulerAnglesHint.x
      value: 0
      objectReference: {fileID: 0}
    - target: {fileID: 5350600556438833141, guid: b6870e7c28dd0ea48a5de787d3124d8b, type: 3}
      propertyPath: m_LocalEulerAnglesHint.y
      value: 0
      objectReference: {fileID: 0}
    - target: {fileID: 5350600556438833141, guid: b6870e7c28dd0ea48a5de787d3124d8b, type: 3}
      propertyPath: m_LocalEulerAnglesHint.z
      value: 0
      objectReference: {fileID: 0}
    - target: {fileID: 7960405862464817397, guid: b6870e7c28dd0ea48a5de787d3124d8b, type: 3}
      propertyPath: m_Name
      value: Network Manager
      objectReference: {fileID: 0}
    m_RemovedComponents: []
    m_RemovedGameObjects: []
    m_AddedGameObjects: []
    m_AddedComponents: []
  m_SourcePrefab: {fileID: 100100000, guid: b6870e7c28dd0ea48a5de787d3124d8b, type: 3}
--- !u!4 &489134335705044167 stripped
Transform:
  m_CorrespondingSourceObject: {fileID: 5350600556438833141, guid: b6870e7c28dd0ea48a5de787d3124d8b, type: 3}
  m_PrefabInstance: {fileID: 5514912612622406450}
  m_PrefabAsset: {fileID: 0}
--- !u!1001 &6040658232910639034
PrefabInstance:
  m_ObjectHideFlags: 0
  serializedVersion: 2
  m_Modification:
    serializedVersion: 3
    m_TransformParent: {fileID: 2577700316645098339}
    m_Modifications:
    - target: {fileID: 5350600556438833141, guid: ea5ae8facfed4a94480ddfb1b98cddfc, type: 3}
      propertyPath: m_RootOrder
      value: 0
      objectReference: {fileID: 0}
    - target: {fileID: 5350600556438833141, guid: ea5ae8facfed4a94480ddfb1b98cddfc, type: 3}
      propertyPath: m_LocalPosition.x
      value: 0
      objectReference: {fileID: 0}
    - target: {fileID: 5350600556438833141, guid: ea5ae8facfed4a94480ddfb1b98cddfc, type: 3}
      propertyPath: m_LocalPosition.y
      value: 0
      objectReference: {fileID: 0}
    - target: {fileID: 5350600556438833141, guid: ea5ae8facfed4a94480ddfb1b98cddfc, type: 3}
      propertyPath: m_LocalPosition.z
      value: 0
      objectReference: {fileID: 0}
    - target: {fileID: 5350600556438833141, guid: ea5ae8facfed4a94480ddfb1b98cddfc, type: 3}
      propertyPath: m_LocalRotation.w
      value: 1
      objectReference: {fileID: 0}
    - target: {fileID: 5350600556438833141, guid: ea5ae8facfed4a94480ddfb1b98cddfc, type: 3}
      propertyPath: m_LocalRotation.x
      value: -0
      objectReference: {fileID: 0}
    - target: {fileID: 5350600556438833141, guid: ea5ae8facfed4a94480ddfb1b98cddfc, type: 3}
      propertyPath: m_LocalRotation.y
      value: -0
      objectReference: {fileID: 0}
    - target: {fileID: 5350600556438833141, guid: ea5ae8facfed4a94480ddfb1b98cddfc, type: 3}
      propertyPath: m_LocalRotation.z
      value: -0
      objectReference: {fileID: 0}
    - target: {fileID: 5350600556438833141, guid: ea5ae8facfed4a94480ddfb1b98cddfc, type: 3}
      propertyPath: m_LocalEulerAnglesHint.x
      value: 0
      objectReference: {fileID: 0}
    - target: {fileID: 5350600556438833141, guid: ea5ae8facfed4a94480ddfb1b98cddfc, type: 3}
      propertyPath: m_LocalEulerAnglesHint.y
      value: 0
      objectReference: {fileID: 0}
    - target: {fileID: 5350600556438833141, guid: ea5ae8facfed4a94480ddfb1b98cddfc, type: 3}
      propertyPath: m_LocalEulerAnglesHint.z
      value: 0
      objectReference: {fileID: 0}
    - target: {fileID: 7960405862464817397, guid: ea5ae8facfed4a94480ddfb1b98cddfc, type: 3}
      propertyPath: m_Name
      value: Save And Load Manager
      objectReference: {fileID: 0}
    m_RemovedComponents: []
    m_RemovedGameObjects: []
    m_AddedGameObjects: []
    m_AddedComponents: []
  m_SourcePrefab: {fileID: 100100000, guid: ea5ae8facfed4a94480ddfb1b98cddfc, type: 3}
--- !u!4 &1843551640408696911 stripped
Transform:
  m_CorrespondingSourceObject: {fileID: 5350600556438833141, guid: ea5ae8facfed4a94480ddfb1b98cddfc, type: 3}
  m_PrefabInstance: {fileID: 6040658232910639034}
  m_PrefabAsset: {fileID: 0}
