%YAML 1.1
%TAG !u! tag:unity3d.com,2011:
--- !u!1001 &5659522038163587778
PrefabInstance:
  m_ObjectHideFlags: 0
  serializedVersion: 2
  m_Modification:
    serializedVersion: 3
    m_TransformParent: {fileID: 0}
    m_Modifications:
    - target: {fileID: 3019553109432820962, guid: d48c8cf368d96af4a9911f557973173b, type: 3}
      propertyPath: m_Name
      value: Bomb
      objectReference: {fileID: 0}
    - target: {fileID: 3019553109432820972, guid: d48c8cf368d96af4a9911f557973173b, type: 3}
      propertyPath: m_RootOrder
      value: 0
      objectReference: {fileID: 0}
    - target: {fileID: 3019553109432820972, guid: d48c8cf368d96af4a9911f557973173b, type: 3}
      propertyPath: m_LocalPosition.x
      value: 0
      objectReference: {fileID: 0}
    - target: {fileID: 3019553109432820972, guid: d48c8cf368d96af4a9911f557973173b, type: 3}
      propertyPath: m_LocalPosition.y
      value: 0
      objectReference: {fileID: 0}
    - target: {fileID: 3019553109432820972, guid: d48c8cf368d96af4a9911f557973173b, type: 3}
      propertyPath: m_LocalPosition.z
      value: 0
      objectReference: {fileID: 0}
    - target: {fileID: 3019553109432820972, guid: d48c8cf368d96af4a9911f557973173b, type: 3}
      propertyPath: m_LocalRotation.w
      value: 1
      objectReference: {fileID: 0}
    - target: {fileID: 3019553109432820972, guid: d48c8cf368d96af4a9911f557973173b, type: 3}
      propertyPath: m_LocalRotation.x
      value: 0
      objectReference: {fileID: 0}
    - target: {fileID: 3019553109432820972, guid: d48c8cf368d96af4a9911f557973173b, type: 3}
      propertyPath: m_LocalRotation.y
      value: 0
      objectReference: {fileID: 0}
    - target: {fileID: 3019553109432820972, guid: d48c8cf368d96af4a9911f557973173b, type: 3}
      propertyPath: m_LocalRotation.z
      value: 0
      objectReference: {fileID: 0}
    - target: {fileID: 3019553109432820972, guid: d48c8cf368d96af4a9911f557973173b, type: 3}
      propertyPath: m_LocalEulerAnglesHint.x
      value: 0
      objectReference: {fileID: 0}
    - target: {fileID: 3019553109432820972, guid: d48c8cf368d96af4a9911f557973173b, type: 3}
      propertyPath: m_LocalEulerAnglesHint.y
      value: 0
      objectReference: {fileID: 0}
    - target: {fileID: 3019553109432820972, guid: d48c8cf368d96af4a9911f557973173b, type: 3}
      propertyPath: m_LocalEulerAnglesHint.z
      value: 0
      objectReference: {fileID: 0}
    - target: {fileID: 3019553109432820975, guid: d48c8cf368d96af4a9911f557973173b, type: 3}
      propertyPath: m_Mass
      value: 0.1317036
      objectReference: {fileID: 0}
    m_RemovedComponents:
    - {fileID: 3019553109432820973, guid: d48c8cf368d96af4a9911f557973173b, type: 3}
    m_RemovedGameObjects: []
    m_AddedGameObjects: []
    m_AddedComponents:
    - targetCorrespondingSourceObject: {fileID: 3019553109432820962, guid: d48c8cf368d96af4a9911f557973173b, type: 3}
      insertIndex: 1
      addedObject: {fileID: 7898264246336257176}
  m_SourcePrefab: {fileID: 100100000, guid: d48c8cf368d96af4a9911f557973173b, type: 3}
--- !u!212 &7452668761730863043 stripped
SpriteRenderer:
  m_CorrespondingSourceObject: {fileID: 3019553110715665665, guid: d48c8cf368d96af4a9911f557973173b, type: 3}
  m_PrefabInstance: {fileID: 5659522038163587778}
  m_PrefabAsset: {fileID: 0}
--- !u!58 &7452668761730863044 stripped
CircleCollider2D:
  m_CorrespondingSourceObject: {fileID: 3019553110715665670, guid: d48c8cf368d96af4a9911f557973173b, type: 3}
  m_PrefabInstance: {fileID: 5659522038163587778}
  m_PrefabAsset: {fileID: 0}
--- !u!1 &7452668762594420256 stripped
GameObject:
  m_CorrespondingSourceObject: {fileID: 3019553109432820962, guid: d48c8cf368d96af4a9911f557973173b, type: 3}
  m_PrefabInstance: {fileID: 5659522038163587778}
  m_PrefabAsset: {fileID: 0}
--- !u!114 &7898264246336257176
MonoBehaviour:
  m_ObjectHideFlags: 0
  m_CorrespondingSourceObject: {fileID: 0}
  m_PrefabInstance: {fileID: 0}
  m_PrefabAsset: {fileID: 0}
  m_GameObject: {fileID: 7452668762594420256}
  m_Enabled: 1
  m_EditorHideFlags: 0
  m_Script: {fileID: 11500000, guid: 8af32aef2ceca504da832268eed2d519, type: 3}
  m_Name: 
  m_EditorClassIdentifier: 
  trs: {fileID: 7452668762594420270}
  prefabIndex: 0
  damage: 0
  spriteRenderer: {fileID: 7452668761730863043}
  radius: 0.084
  range: 0
  duration: 1
  rigid: {fileID: 7452668762594420269}
  moveSpeed: 0
  autoDespawnMode: 0
  collider: {fileID: 7452668761730863044}
  hitsTillDespawn: 0
  whatReducesHits:
    serializedVersion: 2
    m_Bits: 0
  velocity: {x: 0, y: 0}
  extraVelocity: {x: 0, y: 0}
  previousFacing: {x: 0, y: 0}
  playExplodeDelayAnimEntryOnHit: 0
  explodeDelayAnimEntry:
    animatorStateName: 
    layer: 0
    animator: {fileID: 0}
  explosionPrefab: {fileID: 0}
  explodeOnHit: 0
  explodeOnDisable: 0
  durationRemaining: 0
--- !u!50 &7452668762594420269 stripped
Rigidbody2D:
  m_CorrespondingSourceObject: {fileID: 3019553109432820975, guid: d48c8cf368d96af4a9911f557973173b, type: 3}
  m_PrefabInstance: {fileID: 5659522038163587778}
  m_PrefabAsset: {fileID: 0}
--- !u!4 &7452668762594420270 stripped
Transform:
  m_CorrespondingSourceObject: {fileID: 3019553109432820972, guid: d48c8cf368d96af4a9911f557973173b, type: 3}
  m_PrefabInstance: {fileID: 5659522038163587778}
  m_PrefabAsset: {fileID: 0}
