%YAML 1.1
%TAG !u! tag:unity3d.com,2011:
--- !u!1 &1277253613394244929
GameObject:
  m_ObjectHideFlags: 0
  m_CorrespondingSourceObject: {fileID: 0}
  m_PrefabInstance: {fileID: 0}
  m_PrefabAsset: {fileID: 0}
  serializedVersion: 6
  m_Component:
  - component: {fileID: 8341546757768703974}
  m_Layer: 0
  m_Name: Bullet Spawners Parent
  m_TagString: Untagged
  m_Icon: {fileID: 0}
  m_NavMeshLayer: 0
  m_StaticEditorFlags: 0
  m_IsActive: 1
--- !u!4 &8341546757768703974
Transform:
  m_ObjectHideFlags: 0
  m_CorrespondingSourceObject: {fileID: 0}
  m_PrefabInstance: {fileID: 0}
  m_PrefabAsset: {fileID: 0}
  m_GameObject: {fileID: 1277253613394244929}
  serializedVersion: 2
  m_LocalRotation: {x: -0, y: -0, z: -0, w: 1}
  m_LocalPosition: {x: 0, y: 0, z: 0}
  m_LocalScale: {x: 1, y: 1, z: 1}
  m_ConstrainProportionsScale: 0
  m_Children: []
  m_Father: {fileID: 2231083997507679922}
  m_LocalEulerAnglesHint: {x: 0, y: 0, z: 0}
--- !u!1 &1426883353548920448
GameObject:
  m_ObjectHideFlags: 0
  m_CorrespondingSourceObject: {fileID: 0}
  m_PrefabInstance: {fileID: 0}
  m_PrefabAsset: {fileID: 0}
  serializedVersion: 6
  m_Component:
  - component: {fileID: 4331716320980587437}
  - component: {fileID: 6524988584225038540}
  m_Layer: 12
  m_Name: Awaken Range Collider
  m_TagString: Untagged
  m_Icon: {fileID: 0}
  m_NavMeshLayer: 0
  m_StaticEditorFlags: 0
  m_IsActive: 1
--- !u!4 &4331716320980587437
Transform:
  m_ObjectHideFlags: 0
  m_CorrespondingSourceObject: {fileID: 0}
  m_PrefabInstance: {fileID: 0}
  m_PrefabAsset: {fileID: 0}
  m_GameObject: {fileID: 1426883353548920448}
  serializedVersion: 2
  m_LocalRotation: {x: -0, y: -0, z: -0, w: 1}
  m_LocalPosition: {x: 0, y: 0, z: 0}
  m_LocalScale: {x: 50, y: 1, z: 1}
  m_ConstrainProportionsScale: 0
  m_Children: []
  m_Father: {fileID: 2231083997507679922}
  m_LocalEulerAnglesHint: {x: 0, y: 0, z: 0}
--- !u!135 &6524988584225038540
SphereCollider:
  m_ObjectHideFlags: 0
  m_CorrespondingSourceObject: {fileID: 0}
  m_PrefabInstance: {fileID: 0}
  m_PrefabAsset: {fileID: 0}
  m_GameObject: {fileID: 1426883353548920448}
  m_Material: {fileID: 0}
  m_IncludeLayers:
    serializedVersion: 2
    m_Bits: 0
  m_ExcludeLayers:
    serializedVersion: 2
    m_Bits: 0
  m_LayerOverridePriority: 0
  m_IsTrigger: 1
  m_ProvidesContacts: 0
  m_Enabled: 1
  serializedVersion: 3
  m_Radius: 0.5
  m_Center: {x: 0, y: 0, z: 0}
--- !u!1 &3090998566955100714
GameObject:
  m_ObjectHideFlags: 0
  m_CorrespondingSourceObject: {fileID: 0}
  m_PrefabInstance: {fileID: 0}
  m_PrefabAsset: {fileID: 0}
  serializedVersion: 6
  m_Component:
  - component: {fileID: 6331598959456756000}
  m_Layer: 7
  m_Name: Eyes
  m_TagString: Untagged
  m_Icon: {fileID: 0}
  m_NavMeshLayer: 0
  m_StaticEditorFlags: 0
  m_IsActive: 1
--- !u!4 &6331598959456756000
Transform:
  m_ObjectHideFlags: 0
  m_CorrespondingSourceObject: {fileID: 0}
  m_PrefabInstance: {fileID: 0}
  m_PrefabAsset: {fileID: 0}
  m_GameObject: {fileID: 3090998566955100714}
  serializedVersion: 2
  m_LocalRotation: {x: 0, y: 0, z: 0, w: 1}
  m_LocalPosition: {x: 0, y: 0, z: 0.5}
  m_LocalScale: {x: 1, y: 1, z: 1}
  m_ConstrainProportionsScale: 0
  m_Children: []
  m_Father: {fileID: 2231083997507679922}
  m_LocalEulerAnglesHint: {x: 0, y: 0, z: 0}
--- !u!1001 &7802142131137091927
PrefabInstance:
  m_ObjectHideFlags: 0
  serializedVersion: 2
  m_Modification:
    serializedVersion: 3
    m_TransformParent: {fileID: 0}
    m_Modifications:
    - target: {fileID: 8264283426002694117, guid: 4592ee452287b134f933540c9cb05496, type: 3}
      propertyPath: m_LocalPosition.x
      value: 0
      objectReference: {fileID: 0}
    - target: {fileID: 8264283426002694117, guid: 4592ee452287b134f933540c9cb05496, type: 3}
      propertyPath: m_LocalPosition.y
      value: 0
      objectReference: {fileID: 0}
    - target: {fileID: 8264283426002694117, guid: 4592ee452287b134f933540c9cb05496, type: 3}
      propertyPath: m_LocalPosition.z
      value: 0
      objectReference: {fileID: 0}
    - target: {fileID: 8264283426002694117, guid: 4592ee452287b134f933540c9cb05496, type: 3}
      propertyPath: m_LocalRotation.w
      value: 1
      objectReference: {fileID: 0}
    - target: {fileID: 8264283426002694117, guid: 4592ee452287b134f933540c9cb05496, type: 3}
      propertyPath: m_LocalRotation.x
      value: 0
      objectReference: {fileID: 0}
    - target: {fileID: 8264283426002694117, guid: 4592ee452287b134f933540c9cb05496, type: 3}
      propertyPath: m_LocalRotation.y
      value: 0
      objectReference: {fileID: 0}
    - target: {fileID: 8264283426002694117, guid: 4592ee452287b134f933540c9cb05496, type: 3}
      propertyPath: m_LocalRotation.z
      value: 0
      objectReference: {fileID: 0}
    - target: {fileID: 8264283426002694117, guid: 4592ee452287b134f933540c9cb05496, type: 3}
      propertyPath: m_LocalEulerAnglesHint.x
      value: 0
      objectReference: {fileID: 0}
    - target: {fileID: 8264283426002694117, guid: 4592ee452287b134f933540c9cb05496, type: 3}
      propertyPath: m_LocalEulerAnglesHint.y
      value: 0
      objectReference: {fileID: 0}
    - target: {fileID: 8264283426002694117, guid: 4592ee452287b134f933540c9cb05496, type: 3}
      propertyPath: m_LocalEulerAnglesHint.z
      value: 0
      objectReference: {fileID: 0}
    - target: {fileID: 8264283426002694119, guid: 4592ee452287b134f933540c9cb05496, type: 3}
      propertyPath: m_Name
      value: Enemy
      objectReference: {fileID: 0}
    - target: {fileID: 8264283426002694119, guid: 4592ee452287b134f933540c9cb05496, type: 3}
      propertyPath: m_Layer
      value: 7
      objectReference: {fileID: 0}
    - target: {fileID: 8869718737199631659, guid: 4592ee452287b134f933540c9cb05496, type: 3}
      propertyPath: m_Layer
      value: 7
      objectReference: {fileID: 0}
    m_RemovedComponents:
    - {fileID: 1840536927363920830, guid: 4592ee452287b134f933540c9cb05496, type: 3}
    m_RemovedGameObjects: []
    m_AddedGameObjects:
    - targetCorrespondingSourceObject: {fileID: 8264283426002694117, guid: 4592ee452287b134f933540c9cb05496, type: 3}
      insertIndex: -1
      addedObject: {fileID: 8341546757768703974}
    - targetCorrespondingSourceObject: {fileID: 8264283426002694117, guid: 4592ee452287b134f933540c9cb05496, type: 3}
      insertIndex: -1
      addedObject: {fileID: 4331716320980587437}
    - targetCorrespondingSourceObject: {fileID: 8264283426002694117, guid: 4592ee452287b134f933540c9cb05496, type: 3}
      insertIndex: -1
      addedObject: {fileID: 6331598959456756000}
    m_AddedComponents:
    - targetCorrespondingSourceObject: {fileID: 8264283426002694119, guid: 4592ee452287b134f933540c9cb05496, type: 3}
      insertIndex: 1
      addedObject: {fileID: 7362030327897781023}
    - targetCorrespondingSourceObject: {fileID: 8264283426002694119, guid: 4592ee452287b134f933540c9cb05496, type: 3}
      insertIndex: -1
      addedObject: {fileID: 6794992096930493364}
    - targetCorrespondingSourceObject: {fileID: 8264283426002694119, guid: 4592ee452287b134f933540c9cb05496, type: 3}
      insertIndex: -1
      addedObject: {fileID: 5730965706135747288}
  m_SourcePrefab: {fileID: 100100000, guid: 4592ee452287b134f933540c9cb05496, type: 3}
--- !u!1 &2231083997507679920 stripped
GameObject:
  m_CorrespondingSourceObject: {fileID: 8264283426002694119, guid: 4592ee452287b134f933540c9cb05496, type: 3}
  m_PrefabInstance: {fileID: 7802142131137091927}
  m_PrefabAsset: {fileID: 0}
--- !u!114 &7362030327897781023
MonoBehaviour:
  m_ObjectHideFlags: 0
  m_CorrespondingSourceObject: {fileID: 0}
  m_PrefabInstance: {fileID: 0}
  m_PrefabAsset: {fileID: 0}
  m_GameObject: {fileID: 2231083997507679920}
  m_Enabled: 0
  m_EditorHideFlags: 0
  m_Script: {fileID: 11500000, guid: 349ae91e07f50a0699b05f87f6502fa6, type: 3}
  m_Name: 
  m_EditorClassIdentifier: 
  hp: 0
  maxHp: 0
  trs: {fileID: 2231083997507679922}
  rigid: {fileID: 4424257136723202486}
  moveSpeed: 0
  radius: 0
  dead: 0
  targetRangeFromPlayer:
    min: 0
    max: 0
  bulletSpawnersParent: {fileID: 8341546757768703974}
  bulletPatternEntries: []
  difficulty: 0
  patrol: {fileID: 6794992096930493364}
  moveAnimationEntry:
    animatorStateName: 
    layer: 0
    animator: {fileID: 5634404809796726162}
  attackAnimationEntry:
    animatorStateName: 
    layer: 0
    animator: {fileID: 5634404809796726162}
  whatBlocksVision:
    serializedVersion: 2
    m_Bits: 704
  awakenRangeSphereCollider: {fileID: 6524988584225038540}
  eyesTrs: {fileID: 6331598959456756000}
  visionDegrees: 180
  enemyGroup: {fileID: 0}
  lookAtPlayer: {fileID: 5730965706135747288}
  interestRange: 100
--- !u!114 &6794992096930493364
MonoBehaviour:
  m_ObjectHideFlags: 0
  m_CorrespondingSourceObject: {fileID: 0}
  m_PrefabInstance: {fileID: 0}
  m_PrefabAsset: {fileID: 0}
  m_GameObject: {fileID: 2231083997507679920}
  m_Enabled: 1
  m_EditorHideFlags: 0
  m_Script: {fileID: 11500000, guid: 07107f18f4e99b344809ac90286fc2d7, type: 3}
  m_Name: 
  m_EditorClassIdentifier: 
  isFlying: 0
  patrolRange: 10
  stopRange: 0.1
  whatIPatrolOn:
    serializedVersion: 2
    m_Bits: 512
  trs: {fileID: 2231083997507679922}
  controller: {fileID: 0}
  rigid: {fileID: 4424257136723202486}
  moveSpeed: 0
  move: {x: 0, y: 0, z: 0}
  moveAnimationEntry:
    animatorStateName: 
    layer: 0
    animator: {fileID: 5634404809796726162}
--- !u!114 &5730965706135747288
MonoBehaviour:
  m_ObjectHideFlags: 0
  m_CorrespondingSourceObject: {fileID: 0}
  m_PrefabInstance: {fileID: 0}
  m_PrefabAsset: {fileID: 0}
  m_GameObject: {fileID: 2231083997507679920}
  m_Enabled: 0
  m_EditorHideFlags: 0
  m_Script: {fileID: 11500000, guid: 1f7dcca56707ff449bb332cbcdbf2c12, type: 3}
  m_Name: 
  m_EditorClassIdentifier: 
  trs: {fileID: 2231083997507679922}
--- !u!4 &2231083997507679922 stripped
Transform:
  m_CorrespondingSourceObject: {fileID: 8264283426002694117, guid: 4592ee452287b134f933540c9cb05496, type: 3}
  m_PrefabInstance: {fileID: 7802142131137091927}
  m_PrefabAsset: {fileID: 0}
--- !u!54 &4424257136723202486 stripped
Rigidbody:
  m_CorrespondingSourceObject: {fileID: 5845910371614230753, guid: 4592ee452287b134f933540c9cb05496, type: 3}
  m_PrefabInstance: {fileID: 7802142131137091927}
  m_PrefabAsset: {fileID: 0}
--- !u!95 &5634404809796726162 stripped
Animator:
  m_CorrespondingSourceObject: {fileID: 2483642544486266053, guid: 4592ee452287b134f933540c9cb05496, type: 3}
  m_PrefabInstance: {fileID: 7802142131137091927}
  m_PrefabAsset: {fileID: 0}
