%YAML 1.1
%TAG !u! tag:unity3d.com,2011:
--- !u!1 &2980223936785798555
GameObject:
  m_ObjectHideFlags: 0
  m_CorrespondingSourceObject: {fileID: 0}
  m_PrefabInstance: {fileID: 0}
  m_PrefabAsset: {fileID: 0}
  serializedVersion: 6
  m_Component:
  - component: {fileID: 2703987179199840729}
  - component: {fileID: 3154902913884551315}
  - component: {fileID: 868890900072339450}
  - component: {fileID: 8068871620711490801}
  m_Layer: 5
  m_Name: Canvas (World)
  m_TagString: Untagged
  m_Icon: {fileID: 0}
  m_NavMeshLayer: 0
  m_StaticEditorFlags: 0
  m_IsActive: 0
--- !u!224 &2703987179199840729
RectTransform:
  m_ObjectHideFlags: 0
  m_CorrespondingSourceObject: {fileID: 0}
  m_PrefabInstance: {fileID: 0}
  m_PrefabAsset: {fileID: 0}
  m_GameObject: {fileID: 2980223936785798555}
  m_LocalRotation: {x: -0, y: -0, z: -0, w: 1}
  m_LocalPosition: {x: 0, y: 0, z: 10}
  m_LocalScale: {x: 1, y: 1, z: 1}
  m_ConstrainProportionsScale: 0
  m_Children:
  - {fileID: 3464050868932457150}
  - {fileID: 2038346901260287451}
  m_Father: {fileID: 5819008905878380473}
  m_LocalEulerAnglesHint: {x: 0, y: 0, z: 0}
  m_AnchorMin: {x: 0, y: 0}
  m_AnchorMax: {x: 0, y: 0}
  m_AnchoredPosition: {x: 0, y: 0}
  m_SizeDelta: {x: 30, y: 30}
  m_Pivot: {x: 0.5, y: 0.5}
--- !u!223 &3154902913884551315
Canvas:
  m_ObjectHideFlags: 0
  m_CorrespondingSourceObject: {fileID: 0}
  m_PrefabInstance: {fileID: 0}
  m_PrefabAsset: {fileID: 0}
  m_GameObject: {fileID: 2980223936785798555}
  m_Enabled: 1
  serializedVersion: 3
  m_RenderMode: 2
  m_Camera: {fileID: 6592271803265442374}
  m_PlaneDistance: 100
  m_PixelPerfect: 0
  m_ReceivesEvents: 1
  m_OverrideSorting: 0
  m_OverridePixelPerfect: 0
  m_SortingBucketNormalizedSize: 0
  m_VertexColorAlwaysGammaSpace: 0
  m_AdditionalShaderChannelsFlag: 25
  m_UpdateRectTransformForStandalone: 0
  m_SortingLayerID: 0
  m_SortingOrder: 0
  m_TargetDisplay: 0
--- !u!114 &868890900072339450
MonoBehaviour:
  m_ObjectHideFlags: 0
  m_CorrespondingSourceObject: {fileID: 0}
  m_PrefabInstance: {fileID: 0}
  m_PrefabAsset: {fileID: 0}
  m_GameObject: {fileID: 2980223936785798555}
  m_Enabled: 1
  m_EditorHideFlags: 0
  m_Script: {fileID: 11500000, guid: 0cd44c1031e13a943bb63640046fad76, type: 3}
  m_Name: 
  m_EditorClassIdentifier: 
  m_UiScaleMode: 1
  m_ReferencePixelsPerUnit: 100
  m_ScaleFactor: 1
  m_ReferenceResolution: {x: 1200, y: 600}
  m_ScreenMatchMode: 0
  m_MatchWidthOrHeight: 0.5
  m_PhysicalUnit: 3
  m_FallbackScreenDPI: 96
  m_DefaultSpriteDPI: 96
  m_DynamicPixelsPerUnit: 1
  m_PresetInfoIsWorld: 1
--- !u!114 &8068871620711490801
MonoBehaviour:
  m_ObjectHideFlags: 0
  m_CorrespondingSourceObject: {fileID: 0}
  m_PrefabInstance: {fileID: 0}
  m_PrefabAsset: {fileID: 0}
  m_GameObject: {fileID: 2980223936785798555}
  m_Enabled: 1
  m_EditorHideFlags: 0
  m_Script: {fileID: 11500000, guid: dc42784cf147c0c48a680349fa168899, type: 3}
  m_Name: 
  m_EditorClassIdentifier: 
  m_IgnoreReversedGraphics: 1
  m_BlockingObjects: 0
  m_BlockingMask:
    serializedVersion: 2
    m_Bits: 4294967295
--- !u!1 &6169206096290381470
GameObject:
  m_ObjectHideFlags: 0
  m_CorrespondingSourceObject: {fileID: 0}
  m_PrefabInstance: {fileID: 0}
  m_PrefabAsset: {fileID: 0}
  serializedVersion: 6
  m_Component:
  - component: {fileID: 5819008905878380473}
  - component: {fileID: 5041361904028221151}
  - component: {fileID: 6592271803265442374}
  - component: {fileID: 7596732212286596934}
  - component: {fileID: 2268303133860566997}
  m_Layer: 0
  m_Name: Camera
  m_TagString: MainCamera
  m_Icon: {fileID: 0}
  m_NavMeshLayer: 0
  m_StaticEditorFlags: 0
  m_IsActive: 1
--- !u!4 &5819008905878380473
Transform:
  m_ObjectHideFlags: 0
  m_CorrespondingSourceObject: {fileID: 0}
  m_PrefabInstance: {fileID: 0}
  m_PrefabAsset: {fileID: 0}
  m_GameObject: {fileID: 6169206096290381470}
  serializedVersion: 2
  m_LocalRotation: {x: -0, y: -0, z: -0, w: 1}
  m_LocalPosition: {x: 0, y: 0.76, z: 0.42}
  m_LocalScale: {x: 1, y: 1, z: 1}
  m_ConstrainProportionsScale: 0
  m_Children:
  - {fileID: 2703987179199840729}
  - {fileID: 8972151503899157702}
  m_Father: {fileID: 2338494768879099194}
  m_LocalEulerAnglesHint: {x: 0, y: 0, z: 0}
--- !u!114 &5041361904028221151
MonoBehaviour:
  m_ObjectHideFlags: 0
  m_CorrespondingSourceObject: {fileID: 0}
  m_PrefabInstance: {fileID: 0}
  m_PrefabAsset: {fileID: 0}
  m_GameObject: {fileID: 6169206096290381470}
  m_Enabled: 1
  m_EditorHideFlags: 0
  m_Script: {fileID: 11500000, guid: 8e33a5cee91b10e4aa4f82415417fd3d, type: 3}
  m_Name: 
  m_EditorClassIdentifier: 
  handleMultipleInstances: 0
  persistant: 0
  trs: {fileID: 5819008905878380473}
  camera: {fileID: 6592271803265442374}
  viewSize: {x: 62, y: 31}
  viewRect:
    serializedVersion: 2
    x: 0
    y: 0
    width: 0
    height: 0
  fitInNormalizedScreenViewRect:
    serializedVersion: 2
    x: 0
    y: 0
    width: 1
    height: 1
--- !u!20 &6592271803265442374
Camera:
  m_ObjectHideFlags: 0
  m_CorrespondingSourceObject: {fileID: 0}
  m_PrefabInstance: {fileID: 0}
  m_PrefabAsset: {fileID: 0}
  m_GameObject: {fileID: 6169206096290381470}
  m_Enabled: 1
  serializedVersion: 2
  m_ClearFlags: 2
  m_BackGroundColor: {r: 0, g: 0, b: 0.5019608, a: 1}
  m_projectionMatrixMode: 1
  m_GateFitMode: 2
  m_FOVAxisMode: 0
  m_Iso: 200
  m_ShutterSpeed: 0.005
  m_Aperture: 16
  m_FocusDistance: 10
  m_FocalLength: 50
  m_BladeCount: 5
  m_Curvature: {x: 2, y: 11}
  m_BarrelClipping: 0.25
  m_Anamorphism: 0
  m_SensorSize: {x: 36, y: 24}
  m_LensShift: {x: 0, y: 0}
  m_NormalizedViewPortRect:
    serializedVersion: 2
    x: 0
    y: 0
    width: 1
    height: 1
  near clip plane: 0.01
  far clip plane: 500
  field of view: 60
  orthographic: 0
  orthographic size: 15.5
  m_Depth: 0
  m_CullingMask:
    serializedVersion: 2
    m_Bits: 4087
  m_RenderingPath: -1
  m_TargetTexture: {fileID: 0}
  m_TargetDisplay: 0
  m_TargetEye: 3
  m_HDR: 1
  m_AllowMSAA: 1
  m_AllowDynamicResolution: 0
  m_ForceIntoRT: 0
  m_OcclusionCulling: 1
  m_StereoConvergence: 10
  m_StereoSeparation: 0.022
--- !u!81 &7596732212286596934
AudioListener:
  m_ObjectHideFlags: 0
  m_CorrespondingSourceObject: {fileID: 0}
  m_PrefabInstance: {fileID: 0}
  m_PrefabAsset: {fileID: 0}
  m_GameObject: {fileID: 6169206096290381470}
  m_Enabled: 1
--- !u!114 &2268303133860566997
MonoBehaviour:
  m_ObjectHideFlags: 0
  m_CorrespondingSourceObject: {fileID: 0}
  m_PrefabInstance: {fileID: 0}
  m_PrefabAsset: {fileID: 0}
  m_GameObject: {fileID: 6169206096290381470}
  m_Enabled: 1
  m_EditorHideFlags: 0
  m_Script: {fileID: 11500000, guid: a79441f348de89743a2939f4d699eac1, type: 3}
  m_Name: 
  m_EditorClassIdentifier: 
  m_RenderShadows: 0
  m_RequiresDepthTextureOption: 2
  m_RequiresOpaqueTextureOption: 2
  m_CameraType: 0
  m_Cameras: []
  m_RendererIndex: -1
  m_VolumeLayerMask:
    serializedVersion: 2
    m_Bits: 0
  m_VolumeTrigger: {fileID: 0}
  m_VolumeFrameworkUpdateModeOption: 2
  m_RenderPostProcessing: 0
  m_Antialiasing: 0
  m_AntialiasingQuality: 2
  m_StopNaN: 0
  m_Dithering: 0
  m_ClearDepth: 1
  m_AllowXRRendering: 1
  m_AllowHDROutput: 1
  m_UseScreenCoordOverride: 0
  m_ScreenSizeOverride: {x: 0, y: 0, z: 0, w: 0}
  m_ScreenCoordScaleBias: {x: 0, y: 0, z: 0, w: 0}
  m_RequiresDepthTexture: 0
  m_RequiresColorTexture: 0
  m_Version: 2
  m_TaaSettings:
    quality: 3
    frameInfluence: 0.1
    jitterScale: 1
    mipBias: 0
    varianceClampScale: 0.9
    contrastAdaptiveSharpening: 0
--- !u!1 &8264283426002694119
GameObject:
  m_ObjectHideFlags: 0
  m_CorrespondingSourceObject: {fileID: 0}
  m_PrefabInstance: {fileID: 0}
  m_PrefabAsset: {fileID: 0}
  serializedVersion: 6
  m_Component:
  - component: {fileID: 8264283426002694117}
  - component: {fileID: 8264283426002694116}
  - component: {fileID: 9085647774531739710}
  m_Layer: 6
  m_Name: Player
  m_TagString: Untagged
  m_Icon: {fileID: 0}
  m_NavMeshLayer: 0
  m_StaticEditorFlags: 0
  m_IsActive: 1
--- !u!4 &8264283426002694117
Transform:
  m_ObjectHideFlags: 0
  m_CorrespondingSourceObject: {fileID: 0}
  m_PrefabInstance: {fileID: 0}
  m_PrefabAsset: {fileID: 0}
  m_GameObject: {fileID: 8264283426002694119}
  serializedVersion: 2
  m_LocalRotation: {x: 0, y: 0, z: 0, w: 1}
  m_LocalPosition: {x: 0, y: 0, z: 0}
  m_LocalScale: {x: 1, y: 1, z: 1}
  m_ConstrainProportionsScale: 0
  m_Children:
  - {fileID: 2338494768879099194}
  m_Father: {fileID: 0}
  m_LocalEulerAnglesHint: {x: 0, y: 0, z: 0}
--- !u!114 &8264283426002694116
MonoBehaviour:
  m_ObjectHideFlags: 0
  m_CorrespondingSourceObject: {fileID: 0}
  m_PrefabInstance: {fileID: 0}
  m_PrefabAsset: {fileID: 0}
  m_GameObject: {fileID: 8264283426002694119}
  m_Enabled: 1
  m_EditorHideFlags: 0
  m_Script: {fileID: 11500000, guid: 220410304ca8e124ca63230a5db0f727, type: 3}
  m_Name: 
  m_EditorClassIdentifier: 
  hp: 0
  maxHp: 5
  trs: {fileID: 8264283426002694117}
  rigid: {fileID: 0}
  moveSpeed: 14
  radius: 0
  dead: 0
  displayName: 
  itemsParent: {fileID: 5819008905878380473}
  items: []
  weapons: []
  useableItems: []
  cooldownIndicatorsParent: {fileID: 0}
  bulletSpawnersParent: {fileID: 0}
  animator: {fileID: 0}
  unlocked: 0
  unlockOnCompleteAchievement: {fileID: 0}
  lockedIndicatorGo: {fileID: 0}
  untriedIndicatorGo: {fileID: 0}
  characterController: {fileID: 9085647774531739710}
  jumpSpeed: 14
  headTrs: {fileID: 5819008905878380473}
  lookRate: 0.5
  drag: 1
  pushOffSpeedMultiplier: 2
  safeDistanceFromPit: 3
  groundCheckDistance: 0.5
  whatIsGround:
    serializedVersion: 2
    m_Bits: 640
  id: 0
  hpText: {fileID: 0}
  moneyText: {fileID: 0}
  money: 0
--- !u!143 &9085647774531739710
CharacterController:
  m_ObjectHideFlags: 0
  m_CorrespondingSourceObject: {fileID: 0}
  m_PrefabInstance: {fileID: 0}
  m_PrefabAsset: {fileID: 0}
  m_GameObject: {fileID: 8264283426002694119}
  m_Material: {fileID: 0}
  m_IncludeLayers:
    serializedVersion: 2
    m_Bits: 0
  m_ExcludeLayers:
    serializedVersion: 2
    m_Bits: 0
  m_LayerOverridePriority: 0
  m_IsTrigger: 0
  m_ProvidesContacts: 0
  m_Enabled: 1
  serializedVersion: 3
  m_Height: 1.8
  m_Radius: 0.45
  m_SlopeLimit: 45
  m_StepOffset: 0.3
  m_SkinWidth: 0.08
  m_MinMoveDistance: 0
  m_Center: {x: 0, y: 0, z: 0}
--- !u!1 &8362206139895317460
GameObject:
  m_ObjectHideFlags: 0
  m_CorrespondingSourceObject: {fileID: 0}
  m_PrefabInstance: {fileID: 0}
  m_PrefabAsset: {fileID: 0}
  serializedVersion: 6
  m_Component:
  - component: {fileID: 2338494768879099194}
  - component: {fileID: 2884566546441092235}
  - component: {fileID: 3127760602352766440}
  m_Layer: 6
  m_Name: Graphics
  m_TagString: Untagged
  m_Icon: {fileID: 0}
  m_NavMeshLayer: 0
  m_StaticEditorFlags: 0
  m_IsActive: 1
--- !u!4 &2338494768879099194
Transform:
  m_ObjectHideFlags: 0
  m_CorrespondingSourceObject: {fileID: 0}
  m_PrefabInstance: {fileID: 0}
  m_PrefabAsset: {fileID: 0}
  m_GameObject: {fileID: 8362206139895317460}
  serializedVersion: 2
  m_LocalRotation: {x: 0, y: 0, z: 0, w: 1}
  m_LocalPosition: {x: 0, y: 0, z: 0}
  m_LocalScale: {x: 0.9, y: 0.9, z: 0.9}
  m_ConstrainProportionsScale: 0
  m_Children:
  - {fileID: 5819008905878380473}
  m_Father: {fileID: 8264283426002694117}
  m_LocalEulerAnglesHint: {x: 0, y: 0, z: 0}
--- !u!33 &2884566546441092235
MeshFilter:
  m_ObjectHideFlags: 0
  m_CorrespondingSourceObject: {fileID: 0}
  m_PrefabInstance: {fileID: 0}
  m_PrefabAsset: {fileID: 0}
  m_GameObject: {fileID: 8362206139895317460}
  m_Mesh: {fileID: 10208, guid: 0000000000000000e000000000000000, type: 0}
--- !u!23 &3127760602352766440
MeshRenderer:
  m_ObjectHideFlags: 0
  m_CorrespondingSourceObject: {fileID: 0}
  m_PrefabInstance: {fileID: 0}
  m_PrefabAsset: {fileID: 0}
  m_GameObject: {fileID: 8362206139895317460}
  m_Enabled: 1
  m_CastShadows: 1
  m_ReceiveShadows: 1
  m_DynamicOccludee: 1
  m_StaticShadowCaster: 0
  m_MotionVectors: 1
  m_LightProbeUsage: 1
  m_ReflectionProbeUsage: 1
  m_RayTracingMode: 2
  m_RayTraceProcedural: 0
  m_RayTracingAccelStructBuildFlagsOverride: 0
  m_RayTracingAccelStructBuildFlags: 1
  m_RenderingLayerMask: 1
  m_RendererPriority: 0
  m_Materials:
  - {fileID: 2100000, guid: 93de983a53f885849a1fcbe5a35d6743, type: 2}
  m_StaticBatchInfo:
    firstSubMesh: 0
    subMeshCount: 0
  m_StaticBatchRoot: {fileID: 0}
  m_ProbeAnchor: {fileID: 0}
  m_LightProbeVolumeOverride: {fileID: 0}
  m_ScaleInLightmap: 1
  m_ReceiveGI: 1
  m_PreserveUVs: 0
  m_IgnoreNormalsForChartDetection: 0
  m_ImportantGI: 0
  m_StitchLightmapSeams: 1
  m_SelectedEditorRenderState: 3
  m_MinimumChartSize: 4
  m_AutoUVMaxDistance: 0.5
  m_AutoUVMaxAngle: 89
  m_LightmapParameters: {fileID: 0}
  m_SortingLayerID: 0
  m_SortingLayer: 0
  m_SortingOrder: 0
  m_AdditionalVertexStreams: {fileID: 0}
--- !u!1001 &1014277580883097288
PrefabInstance:
  m_ObjectHideFlags: 0
  serializedVersion: 2
  m_Modification:
    serializedVersion: 3
    m_TransformParent: {fileID: 2703987179199840729}
    m_Modifications:
    - target: {fileID: 4468054613164541045, guid: 5276304f0ba5d034a88ef07b2ba14673, type: 3}
      propertyPath: m_Name
      value: Notification Text
      objectReference: {fileID: 0}
    - target: {fileID: 4468054613164541046, guid: 5276304f0ba5d034a88ef07b2ba14673, type: 3}
      propertyPath: m_Pivot.x
      value: 0.5
      objectReference: {fileID: 0}
    - target: {fileID: 4468054613164541046, guid: 5276304f0ba5d034a88ef07b2ba14673, type: 3}
      propertyPath: m_Pivot.y
      value: 0.5
      objectReference: {fileID: 0}
    - target: {fileID: 4468054613164541046, guid: 5276304f0ba5d034a88ef07b2ba14673, type: 3}
      propertyPath: m_RootOrder
      value: -1
      objectReference: {fileID: 0}
    - target: {fileID: 4468054613164541046, guid: 5276304f0ba5d034a88ef07b2ba14673, type: 3}
      propertyPath: m_AnchorMax.x
      value: 0.5
      objectReference: {fileID: 0}
    - target: {fileID: 4468054613164541046, guid: 5276304f0ba5d034a88ef07b2ba14673, type: 3}
      propertyPath: m_AnchorMax.y
      value: 0.5
      objectReference: {fileID: 0}
    - target: {fileID: 4468054613164541046, guid: 5276304f0ba5d034a88ef07b2ba14673, type: 3}
      propertyPath: m_AnchorMin.x
      value: 0.5
      objectReference: {fileID: 0}
    - target: {fileID: 4468054613164541046, guid: 5276304f0ba5d034a88ef07b2ba14673, type: 3}
      propertyPath: m_AnchorMin.y
      value: 0.5
      objectReference: {fileID: 0}
    - target: {fileID: 4468054613164541046, guid: 5276304f0ba5d034a88ef07b2ba14673, type: 3}
      propertyPath: m_SizeDelta.x
      value: 20
      objectReference: {fileID: 0}
    - target: {fileID: 4468054613164541046, guid: 5276304f0ba5d034a88ef07b2ba14673, type: 3}
      propertyPath: m_SizeDelta.y
      value: 5
      objectReference: {fileID: 0}
    - target: {fileID: 4468054613164541046, guid: 5276304f0ba5d034a88ef07b2ba14673, type: 3}
      propertyPath: m_LocalPosition.x
      value: 0
      objectReference: {fileID: 0}
    - target: {fileID: 4468054613164541046, guid: 5276304f0ba5d034a88ef07b2ba14673, type: 3}
      propertyPath: m_LocalPosition.y
      value: 0
      objectReference: {fileID: 0}
    - target: {fileID: 4468054613164541046, guid: 5276304f0ba5d034a88ef07b2ba14673, type: 3}
      propertyPath: m_LocalPosition.z
      value: 0
      objectReference: {fileID: 0}
    - target: {fileID: 4468054613164541046, guid: 5276304f0ba5d034a88ef07b2ba14673, type: 3}
      propertyPath: m_LocalRotation.w
      value: 1
      objectReference: {fileID: 0}
    - target: {fileID: 4468054613164541046, guid: 5276304f0ba5d034a88ef07b2ba14673, type: 3}
      propertyPath: m_LocalRotation.x
      value: -0
      objectReference: {fileID: 0}
    - target: {fileID: 4468054613164541046, guid: 5276304f0ba5d034a88ef07b2ba14673, type: 3}
      propertyPath: m_LocalRotation.y
      value: -0
      objectReference: {fileID: 0}
    - target: {fileID: 4468054613164541046, guid: 5276304f0ba5d034a88ef07b2ba14673, type: 3}
      propertyPath: m_LocalRotation.z
      value: -0
      objectReference: {fileID: 0}
    - target: {fileID: 4468054613164541046, guid: 5276304f0ba5d034a88ef07b2ba14673, type: 3}
      propertyPath: m_AnchoredPosition.x
      value: 0
      objectReference: {fileID: 0}
    - target: {fileID: 4468054613164541046, guid: 5276304f0ba5d034a88ef07b2ba14673, type: 3}
      propertyPath: m_AnchoredPosition.y
      value: 0
      objectReference: {fileID: 0}
    - target: {fileID: 4468054613164541046, guid: 5276304f0ba5d034a88ef07b2ba14673, type: 3}
      propertyPath: m_LocalEulerAnglesHint.x
      value: 0
      objectReference: {fileID: 0}
    - target: {fileID: 4468054613164541046, guid: 5276304f0ba5d034a88ef07b2ba14673, type: 3}
      propertyPath: m_LocalEulerAnglesHint.y
      value: 0
      objectReference: {fileID: 0}
    - target: {fileID: 4468054613164541046, guid: 5276304f0ba5d034a88ef07b2ba14673, type: 3}
      propertyPath: m_LocalEulerAnglesHint.z
      value: 0
      objectReference: {fileID: 0}
    - target: {fileID: 4468054613164541047, guid: 5276304f0ba5d034a88ef07b2ba14673, type: 3}
      propertyPath: overrideSorting
      value: 1
      objectReference: {fileID: 0}
    - target: {fileID: 4468054613164541047, guid: 5276304f0ba5d034a88ef07b2ba14673, type: 3}
      propertyPath: alignmentOptions
      value: 514
      objectReference: {fileID: 0}
    - target: {fileID: 4468054613164541047, guid: 5276304f0ba5d034a88ef07b2ba14673, type: 3}
      propertyPath: sortingLayerName
      value: UI
      objectReference: {fileID: 0}
    - target: {fileID: 7582882518708428215, guid: 5276304f0ba5d034a88ef07b2ba14673, type: 3}
      propertyPath: 'm_Materials.Array.data[0]'
      value: 
      objectReference: {fileID: 2100000, guid: db436047487b67a41aae765501435fa5, type: 2}
    m_RemovedComponents: []
    m_RemovedGameObjects: []
    m_AddedGameObjects: []
    m_AddedComponents: []
  m_SourcePrefab: {fileID: 100100000, guid: 5276304f0ba5d034a88ef07b2ba14673, type: 3}
--- !u!224 &3464050868932457150 stripped
RectTransform:
  m_CorrespondingSourceObject: {fileID: 4468054613164541046, guid: 5276304f0ba5d034a88ef07b2ba14673, type: 3}
  m_PrefabInstance: {fileID: 1014277580883097288}
  m_PrefabAsset: {fileID: 0}
--- !u!1001 &1579213173837860467
PrefabInstance:
  m_ObjectHideFlags: 0
  serializedVersion: 2
  m_Modification:
    serializedVersion: 3
    m_TransformParent: {fileID: 5819008905878380473}
    m_Modifications:
    - target: {fileID: 6346143418994594690, guid: b845c2c0b1e34694fa92270c8347620e, type: 3}
      propertyPath: m_LocalRotation.w
      value: -0.7071068
      objectReference: {fileID: 0}
    - target: {fileID: 6346143418994594690, guid: b845c2c0b1e34694fa92270c8347620e, type: 3}
      propertyPath: m_LocalRotation.x
      value: 0.7071068
      objectReference: {fileID: 0}
    - target: {fileID: 6346143418994594690, guid: b845c2c0b1e34694fa92270c8347620e, type: 3}
      propertyPath: m_LocalRotation.y
      value: -0
      objectReference: {fileID: 0}
    - target: {fileID: 6346143418994594690, guid: b845c2c0b1e34694fa92270c8347620e, type: 3}
      propertyPath: m_LocalRotation.z
      value: -0
      objectReference: {fileID: 0}
    - target: {fileID: 6346143418994594690, guid: b845c2c0b1e34694fa92270c8347620e, type: 3}
      propertyPath: m_LocalEulerAnglesHint.x
      value: 270
      objectReference: {fileID: 0}
    - target: {fileID: 7595604729696905909, guid: b845c2c0b1e34694fa92270c8347620e, type: 3}
      propertyPath: m_LocalPosition.x
      value: 0
      objectReference: {fileID: 0}
    - target: {fileID: 7595604729696905909, guid: b845c2c0b1e34694fa92270c8347620e, type: 3}
      propertyPath: m_LocalPosition.y
      value: -0.76
      objectReference: {fileID: 0}
    - target: {fileID: 7595604729696905909, guid: b845c2c0b1e34694fa92270c8347620e, type: 3}
      propertyPath: m_LocalPosition.z
      value: 0.08
      objectReference: {fileID: 0}
    - target: {fileID: 7595604729696905909, guid: b845c2c0b1e34694fa92270c8347620e, type: 3}
      propertyPath: m_LocalRotation.w
      value: 1
      objectReference: {fileID: 0}
    - target: {fileID: 7595604729696905909, guid: b845c2c0b1e34694fa92270c8347620e, type: 3}
      propertyPath: m_LocalRotation.x
      value: -0
      objectReference: {fileID: 0}
    - target: {fileID: 7595604729696905909, guid: b845c2c0b1e34694fa92270c8347620e, type: 3}
      propertyPath: m_LocalRotation.y
      value: -0
      objectReference: {fileID: 0}
    - target: {fileID: 7595604729696905909, guid: b845c2c0b1e34694fa92270c8347620e, type: 3}
      propertyPath: m_LocalRotation.z
      value: -0
      objectReference: {fileID: 0}
    - target: {fileID: 7595604729696905909, guid: b845c2c0b1e34694fa92270c8347620e, type: 3}
      propertyPath: m_LocalEulerAnglesHint.x
      value: 0
      objectReference: {fileID: 0}
    - target: {fileID: 7595604729696905909, guid: b845c2c0b1e34694fa92270c8347620e, type: 3}
      propertyPath: m_LocalEulerAnglesHint.y
      value: 0
      objectReference: {fileID: 0}
    - target: {fileID: 7595604729696905909, guid: b845c2c0b1e34694fa92270c8347620e, type: 3}
      propertyPath: m_LocalEulerAnglesHint.z
      value: 0
      objectReference: {fileID: 0}
    - target: {fileID: 7595604729696905911, guid: b845c2c0b1e34694fa92270c8347620e, type: 3}
      propertyPath: m_Name
      value: Wand
      objectReference: {fileID: 0}
    m_RemovedComponents: []
    m_RemovedGameObjects: []
    m_AddedGameObjects: []
    m_AddedComponents: []
  m_SourcePrefab: {fileID: 100100000, guid: b845c2c0b1e34694fa92270c8347620e, type: 3}
--- !u!4 &8972151503899157702 stripped
Transform:
  m_CorrespondingSourceObject: {fileID: 7595604729696905909, guid: b845c2c0b1e34694fa92270c8347620e, type: 3}
  m_PrefabInstance: {fileID: 1579213173837860467}
  m_PrefabAsset: {fileID: 0}
--- !u!1001 &6007841898316151820
PrefabInstance:
  m_ObjectHideFlags: 0
  serializedVersion: 2
  m_Modification:
    serializedVersion: 3
    m_TransformParent: {fileID: 2703987179199840729}
    m_Modifications:
    - target: {fileID: 5704246349637386710, guid: 005bdb2353431c14689f6d09ca566f0c, type: 3}
      propertyPath: m_OnClick.m_PersistentCalls.m_Calls.Array.size
      value: 1
      objectReference: {fileID: 0}
    - target: {fileID: 5704246349637386710, guid: 005bdb2353431c14689f6d09ca566f0c, type: 3}
      propertyPath: m_OnClick.m_PersistentCalls.m_Calls.Array.data[0].m_Mode
      value: 6
      objectReference: {fileID: 0}
    - target: {fileID: 5704246349637386710, guid: 005bdb2353431c14689f6d09ca566f0c, type: 3}
      propertyPath: m_OnClick.m_PersistentCalls.m_Calls.Array.data[0].m_Target
      value: 
      objectReference: {fileID: 2980223936785798555}
    - target: {fileID: 5704246349637386710, guid: 005bdb2353431c14689f6d09ca566f0c, type: 3}
      propertyPath: m_OnClick.m_PersistentCalls.m_Calls.Array.data[0].m_CallState
      value: 2
      objectReference: {fileID: 0}
    - target: {fileID: 5704246349637386710, guid: 005bdb2353431c14689f6d09ca566f0c, type: 3}
      propertyPath: m_OnClick.m_PersistentCalls.m_Calls.Array.data[0].m_MethodName
      value: SetActive
      objectReference: {fileID: 0}
    - target: {fileID: 5704246349637386710, guid: 005bdb2353431c14689f6d09ca566f0c, type: 3}
      propertyPath: m_OnClick.m_PersistentCalls.m_Calls.Array.data[0].m_TargetAssemblyTypeName
      value: UnityEngine.GameObject, UnityEngine
      objectReference: {fileID: 0}
    - target: {fileID: 5704246349637386710, guid: 005bdb2353431c14689f6d09ca566f0c, type: 3}
      propertyPath: m_OnClick.m_PersistentCalls.m_Calls.Array.data[0].m_Arguments.m_ObjectArgumentAssemblyTypeName
      value: UnityEngine.Object, UnityEngine
      objectReference: {fileID: 0}
    - target: {fileID: 5704246349637386711, guid: 005bdb2353431c14689f6d09ca566f0c, type: 3}
      propertyPath: m_Pivot.x
      value: 1
      objectReference: {fileID: 0}
    - target: {fileID: 5704246349637386711, guid: 005bdb2353431c14689f6d09ca566f0c, type: 3}
      propertyPath: m_Pivot.y
      value: 0
      objectReference: {fileID: 0}
    - target: {fileID: 5704246349637386711, guid: 005bdb2353431c14689f6d09ca566f0c, type: 3}
      propertyPath: m_RootOrder
      value: -1
      objectReference: {fileID: 0}
    - target: {fileID: 5704246349637386711, guid: 005bdb2353431c14689f6d09ca566f0c, type: 3}
      propertyPath: m_AnchorMax.x
      value: 0.5
      objectReference: {fileID: 0}
    - target: {fileID: 5704246349637386711, guid: 005bdb2353431c14689f6d09ca566f0c, type: 3}
      propertyPath: m_AnchorMax.y
      value: 0.5
      objectReference: {fileID: 0}
    - target: {fileID: 5704246349637386711, guid: 005bdb2353431c14689f6d09ca566f0c, type: 3}
      propertyPath: m_AnchorMin.x
      value: 0.5
      objectReference: {fileID: 0}
    - target: {fileID: 5704246349637386711, guid: 005bdb2353431c14689f6d09ca566f0c, type: 3}
      propertyPath: m_AnchorMin.y
      value: 0.5
      objectReference: {fileID: 0}
    - target: {fileID: 5704246349637386711, guid: 005bdb2353431c14689f6d09ca566f0c, type: 3}
      propertyPath: m_SizeDelta.x
      value: 2
      objectReference: {fileID: 0}
    - target: {fileID: 5704246349637386711, guid: 005bdb2353431c14689f6d09ca566f0c, type: 3}
      propertyPath: m_SizeDelta.y
      value: 2
      objectReference: {fileID: 0}
    - target: {fileID: 5704246349637386711, guid: 005bdb2353431c14689f6d09ca566f0c, type: 3}
      propertyPath: m_LocalPosition.x
      value: 0
      objectReference: {fileID: 0}
    - target: {fileID: 5704246349637386711, guid: 005bdb2353431c14689f6d09ca566f0c, type: 3}
      propertyPath: m_LocalPosition.y
      value: 0
      objectReference: {fileID: 0}
    - target: {fileID: 5704246349637386711, guid: 005bdb2353431c14689f6d09ca566f0c, type: 3}
      propertyPath: m_LocalPosition.z
      value: 0
      objectReference: {fileID: 0}
    - target: {fileID: 5704246349637386711, guid: 005bdb2353431c14689f6d09ca566f0c, type: 3}
      propertyPath: m_LocalRotation.w
      value: 1
      objectReference: {fileID: 0}
    - target: {fileID: 5704246349637386711, guid: 005bdb2353431c14689f6d09ca566f0c, type: 3}
      propertyPath: m_LocalRotation.x
      value: 0
      objectReference: {fileID: 0}
    - target: {fileID: 5704246349637386711, guid: 005bdb2353431c14689f6d09ca566f0c, type: 3}
      propertyPath: m_LocalRotation.y
      value: 0
      objectReference: {fileID: 0}
    - target: {fileID: 5704246349637386711, guid: 005bdb2353431c14689f6d09ca566f0c, type: 3}
      propertyPath: m_LocalRotation.z
      value: 0
      objectReference: {fileID: 0}
    - target: {fileID: 5704246349637386711, guid: 005bdb2353431c14689f6d09ca566f0c, type: 3}
      propertyPath: m_AnchoredPosition.x
      value: -10.5
      objectReference: {fileID: 0}
    - target: {fileID: 5704246349637386711, guid: 005bdb2353431c14689f6d09ca566f0c, type: 3}
      propertyPath: m_AnchoredPosition.y
      value: 3
      objectReference: {fileID: 0}
    - target: {fileID: 5704246349637386711, guid: 005bdb2353431c14689f6d09ca566f0c, type: 3}
      propertyPath: m_LocalEulerAnglesHint.x
      value: 0
      objectReference: {fileID: 0}
    - target: {fileID: 5704246349637386711, guid: 005bdb2353431c14689f6d09ca566f0c, type: 3}
      propertyPath: m_LocalEulerAnglesHint.y
      value: 0
      objectReference: {fileID: 0}
    - target: {fileID: 5704246349637386711, guid: 005bdb2353431c14689f6d09ca566f0c, type: 3}
      propertyPath: m_LocalEulerAnglesHint.z
      value: 0
      objectReference: {fileID: 0}
    - target: {fileID: 5704246349637386712, guid: 005bdb2353431c14689f6d09ca566f0c, type: 3}
      propertyPath: m_Name
      value: Close Button
      objectReference: {fileID: 0}
    - target: {fileID: 8153831078181133261, guid: 005bdb2353431c14689f6d09ca566f0c, type: 3}
      propertyPath: m_Name
      value: Close Button Text
      objectReference: {fileID: 0}
    - target: {fileID: 8153831078181133262, guid: 005bdb2353431c14689f6d09ca566f0c, type: 3}
      propertyPath: m_SizeDelta.x
      value: -0.20000002
      objectReference: {fileID: 0}
    - target: {fileID: 8153831078181133262, guid: 005bdb2353431c14689f6d09ca566f0c, type: 3}
      propertyPath: m_SizeDelta.y
      value: -0.20000002
      objectReference: {fileID: 0}
    - target: {fileID: 8153831078181133262, guid: 005bdb2353431c14689f6d09ca566f0c, type: 3}
      propertyPath: m_AnchoredPosition.x
      value: 0
      objectReference: {fileID: 0}
    - target: {fileID: 8153831078181133262, guid: 005bdb2353431c14689f6d09ca566f0c, type: 3}
      propertyPath: m_AnchoredPosition.y
      value: 0
      objectReference: {fileID: 0}
    - target: {fileID: 8153831078181133263, guid: 005bdb2353431c14689f6d09ca566f0c, type: 3}
      propertyPath: text
      value: X
      objectReference: {fileID: 0}
    - target: {fileID: 8153831078181133263, guid: 005bdb2353431c14689f6d09ca566f0c, type: 3}
      propertyPath: overrideSorting
      value: 1
      objectReference: {fileID: 0}
    - target: {fileID: 8153831078181133263, guid: 005bdb2353431c14689f6d09ca566f0c, type: 3}
      propertyPath: sortingLayerName
      value: Default
      objectReference: {fileID: 0}
    m_RemovedComponents: []
    m_RemovedGameObjects: []
    m_AddedGameObjects: []
    m_AddedComponents: []
  m_SourcePrefab: {fileID: 100100000, guid: 005bdb2353431c14689f6d09ca566f0c, type: 3}
--- !u!224 &2038346901260287451 stripped
RectTransform:
  m_CorrespondingSourceObject: {fileID: 5704246349637386711, guid: 005bdb2353431c14689f6d09ca566f0c, type: 3}
  m_PrefabInstance: {fileID: 6007841898316151820}
  m_PrefabAsset: {fileID: 0}
